2892 4834
118 338 125 351 ¹
220 354 253 419 xl
616 343 924 413 PRAEFATIO.

224 568 296 629 opes
309 548 487 607 Bodleieues
507 547 624 605 illetnm
642 562 714 605 esse.
757 545 868 605 Preter
887 544 941 602 hus
954 542 1072 603 codices
1086 539 1153 615 jem
1167 560 1310 607 escum

222 646 314 724 behet
337 642 530 699 bibliotheca.
544 639 673 716 collegii
695 640 728 697 S.
750 637 930 695 Emsnuelis
955 637 1159 713 Centsbrigie
1186 637 1309 696 Pindari

224 738 334 795 librum
346 735 504 809 scriptum,
518 733 570 808 qui
584 714 604 789 o¹
616 731 732 808 Pythiis
746 730 852 807 incipit
867 754 875 787 :
901 736 932 787 et
953 730 1078 787 ecclesie
1101 728 1310 787 Westmones·

223 826 357 887 teriensis
377 827 481 894 elium,
503 826 554 901 qui
577 824 729 900 Olympis,
757 822 866 897 Pythis
886 831 917 881 et
935 822 1051 881 Nemee
1070 822 1309 897 comprehendit.

225 904 326 978 Etiam
341 917 459 979 Pindari
472 918 646 993 particulam
659 934 728 974 cnm
743 916 864 973 scholiis
874 916 1005 991 possedit
1017 916 1090 972 olim
1105 916 1163 973 Th.
1175 916 1262 974 Gele.

265 1015 346 1073 luter
373 1013 412 1070 le.
441 1011 539 1071 Vossii
570 1012 662 1068 libros
699 1019 758 1067 tres
785 1011 909 1083 scriptos
934 1008 1050 1067 codices
1073 1008 1196 1067 Pindari
1221 1018 1312 1071 neces

225 1115 269 1165 est
294 1106 474 1165 bibliothece
497 1102 662 1171 Leidensis,
688 1121 786 1161 uuum
813 1102 1042 1178 bombycinum,
1066 1101 1212 1177 Olympia
1239 1120 1309 1161 cum

224 1200 353 1270 scholiis,
384 1199 445 1257 duo
468 1198 596 1272 reliquos
624 1198 807 1263 chartaceos,
836 1197 966 1255 alterum
998 1196 1151 1270 Olympia,
1180 1196 1310 1255 elterum

224 1292 332 1369 Pythie
343 1311 412 1350 cum
426 1290 530 1349 iisdem
544 1290 715 1365 complexos
729 1314 736 1347 z
772 1306 891 1355 ornnes,
911 1297 1059 1365 qusntum
1080 1288 1202 1363 quidem
1216 1289 1310 1347 intel·

223 1390 297 1465 ligo,
312 1388 504 1458 recentiores,
525 1404 586 1461 qne
599 1385 635 1443 de
657 1404 687 1443 re
708 1394 810 1442 temen
833 1385 903 1441 viris
924 1384 956 1440 in
978 1383 1084 1444 litteris
1097 1381 1211 1440 Grecis
1225 1383 1311 1458 prin·

222 1481 349 1555 cipibus,
363 1476 558 1537 Velckenerio
570 1488 602 1536 et
614 1474 811 1544 thholsenio,
822 1478 917 1535 nostri
926 1470 1310 1547 ementissimis,judicium

225 1574 430 1647 relinquimus.
946 1623 948 1626 .

263 1674 450 1733 Bibliotheca
477 1674 576 1754 Regis
603 1675 702 1753 (nunc
732 1676 820 1751 Reip.
844 1675 959 1743 Freuc.)
983 1674 1154 1733 Periclensis
1182 1676 1308 1737 Pindari

223 1766 338 1825 codices
350 1768 440 1825 hebet
454 1768 490 1827 ed
511 1771 670 1829 tredecim:
695 1776 730 1826 ut
743 1771 853 1827 mirum
874 1770 923 1836 sit,
939 1787 995 1826 nec
1008 1768 1231 1827 Chebeuonum
1252 1789 1311 1831 nec
1331 1797 1336 1815 .

222 1858 438 1917 Veuvillerium
450 1861 487 1919 de
498 1862 685 1938 inspiciendo
699 1862 776 1919 libro
789 1864 900 1935 scripto
910 1862 1068 1936 cogitasse.
1107 1859 1224 1919 Omnes
1235 1870 1311 1919 suot

222 1962 353 2013 recentes
367 1954 448 2023 setis,
471 1957 612 2015 nonnulli
627 1957 829 2013 recentissimi.
870 1954 1008 2029 Plerique
1022 1953 1164 2029 Olympio
1174 1962 1308 2022 motum,

221 2048 271 2105 alii
287 2047 389 2105 eedem
409 2065 477 2105 cunr
500 2046 674 2123 Pythiorum
695 2056 790 2123 purte,
811 2048 862 2105 elii
883 2047 991 2121 Pythie
1010 2055 1042 2104 et
1062 2045 1185 2114 Nemee,
1206 2054 1309 2105 totum

220 2138 385 2197 Pindarum
400 2148 458 2197 tres
472 2146 591 2197 tentum
606 2141 758 2207 exhibent,
778 2157 859 2197 unus
873 2140 946 2197 Sec.
960 2158 1011 2201 xv.
1027 2140 1103 2197 slter
1115 2140 1179 2197 xvi.
1200 2141 1307 2197 tertius

221 2231 420 2305 bombycinus
431 2234 470 2291 ed
481 2234 553 2291 Sec.
564 2234 627 2290 xiii.
637 2242 770 2307 spectare
784 2232 888 2301 fertur,
902 2250 971 2290 eum
983 2232 1104 2290 scholiis
1118 2234 1151 2289 in
1167 2233 1310 2309 margine

223 2332 255 2383 et
272 2326 380 2401 glossis
404 2325 606 2397 interlineas,
633 2342 713 2384 unus
733 2326 784 2383 ille
799 2327 877 2383 inter
888 2342 995 2383 omnes
1008 2333 1132 2392 ceteros,
1146 2341 1238 2398 quem
1250 2325 1311 2381 'in-

222 2427 356 2494 spectum
368 2438 387 2477 s
407 2418 470 2475 viro
491 2417 579 2475 docto
599 2427 630 2476 et
650 2428 854 2494 comperetum
875 2437 945 2477 cum
967 2419 1098 2495 vulgetis
1118 2434 1182 2475 esse
1203 2417 1309 2485 velim,

222 2508 278 2569 Est
298 2514 323 2569 is
336 2530 366 2569 n.
390 2510 478 2569 240³.
492 2510 686 2569 cleomedem
701 2512 753 2569 Gr.
774 2513 891 2589 elinque
902 2512 1016 2571 hebens
1029 2511 1135 2569 mdem
1149 2509 1309 2568 volumine

224 2604 447 2679 corrrprehense.
832 2653 835 2662 .

261 2696 298 2753 ln
311 2696 470 2753 Germunie
481 2695 602 2753 teodem
613 2697 856 2757 vindobonensis
868 2698 1049 2757 bibliothece
1055 2697 1174 2757 codices
1184 2696 1310 2757 Pinderl

221 2790 325 2848 enltem
349 2798 495 2866 qustuor:
517 2788 726 2867 Olympiorum
749 2793 848 2861 binos,
869 2792 997 2851 alterum
1012 2808 1083 2851 curn
1105 2791 1248 2864 scholiis3
1276 2800 1310 2849 et

218 2883 279 2941 dno
291 2884 375 2951 elios,
387 2884 439 2959 qui
450 2882 554 2941 omnis
564 2884 683 2943 Pindari
693 2886 825 2943 carmine
834 2886 975 2944 exhibere
985 2892 1164 2943 nurreoturz
1189 2885 1308 2961 (omnes

219 2984 291 3035 sunt
305 2977 492 3062 recentiores,
508 2985 656 3051 quantum
681 2996 718 3037 ex
740 2978 871 3037 Nesselii
892 2978 1001 3036 notitie
1015 2978 1154 3040 biblioth
1174 2977 1307 3035 Vindob.

218 3070 334 3142 essequi
347 3070 441 3143 licet).
475 3074 612 3147 Auguste
622 3080 723 3130 eutem
737 3071 965 3129 vindelicorum
977 3073 1011 3131 in
1022 3071 1213 3129 bibliothece
1228 3070 1308 3146 pub·

219 3159 284 3217 lice
299 3160 406 3233 pluteis
421 3170 518 3219 servet
531 3164 646 3220 codices
659 3171 789 3239 quetuor
802 3182 821 3221 s
833 3163 958 3223 Reisero
972 3182 1000 3238 p.
1016 3163 1064 3225 78.
1079 3164 1131 3260 ⁸l'
1144 3162 1194 3220 83.
1208 3163 1241 3219 in
1252 3161 1308 3220 lu·
1387 3220 1392 3231 ,

221 3250 318 3307 dicem
340 3252 457 3311 rcletus.
499 3254 535 3311 In
565 3256 662 3329 primo
682 3256 898 3315 Demosthenis
920 3256 1117 3314 Orationibus
1145 3256 1305 3315 nonnullis

218 3338 360 3413 subjecte
375 3352 446 3403 suut
457 3344 491 3403 P.
504 3346 578 3403 Odae
593 3348 719 3423 aliquot.
732 3348 772 3407 cf.
785 3348 945 3407 Reiskium
964 3351 997 3408 in
1011 3348 1127 3424 proeiet.
1146 3348 1310 3408 Demosth.

217 3454 246 3513 p.
257 3435 330 3493 lxix.
342 3436 404 3495 lxx.
420 3444 508 3512 etque
518 3439 581 3497 hsec
593 3439 762 3516 fragmento
773 3459 836 3499 esse
845 3441 982 3510 arbitror,
994 3458 1122 3518 quorum
1134 3442 1306 3517 discrepem·

219 3536 262 3587 tes
278 3527 422 3587 lectiones
443 3529 480 3587 ed
502 3530 688 3589 Schmidium
708 3534 830 3592 miseret
850 3534 926 3592 Der.
943 3534 1151 3594 Hoeschelius:
1179 3552 1251 3593 cum
1268 3554 1307 3595 eo
1429 3545 1430 3568 ³

218 3628 350 3695 tempore
364 3622 500 3680 nondum
515 3623 591 3682 elius
603 3625 730 3701 scriptus
743 3626 867 3685 Pindsri
877 3628 954 3686 liber
965 3629 999 3685 in
1014 3644 1050 3685 ee
1059 3626 1242 3703 bibliothece
1252 3646 1307 3686 ex-

216 3719 300 3771 teret.
340 3714 448 3773 Alter*
469 3715 595 3786 Nemee,
609 3736 699 3794 quern
713 3738 783 3777 curn
796 3720 922 3797 vulgets
934 3721 1063 3779 lectione
1076 3728 1230 3794 comperet
1242 3720 1304 3778 uti·

217 3822 285 3862 nem
300 3807 464 3868 virdoctus
478 3829 620 3870 nuscum
635 3812 764 3871 Scholiis
786 3815 816 3872 ln
834 3814 972 3891 Isthmia,
992 3812 1121 3870 leudetis
1135 3812 1260 3871 lleisem
1274 3832 1305 3889 p.
1382 3819 1389 3832 '

216 3898 265 3963 7⁹.
279 3900 338 3959 duo
354 3903 457 3979 reliqui
472 3903 614 3980 Olympio
625 3906 780 3975 exhibent,
791 3926 870 3965 unus
882 3925 952 3965 cum
966 3906 1104 3974 Scholiie,
1115 3906 1153 3965 eb
1163 3908 1306 3983 Adolpbe

214 3990 337 4051 Occosse
350 3996 464 4055 medico
478 3998 616 4072 scriptus,
630 3998 704 4057 nlter
717 4018 789 4059 cum
801 4000 910 4079 glossis
921 4000 1175 4060 interlinearihus.
1213 4000 1306 4061 Misit

435 4234 439 4241 Ι
474 4170 487 4198 ⁸
502 4170 559 4219 Esse
573 4174 634 4222 hunc
643 4174 668 4223 iu
680 4174 779 4238 emissit,
787 4174 923 4224 condemn
933 4174 989 4225 nihi
1000 4186 1044 4225 est.
