2892 4834
211 399 274 444 mm
599 376 911 448 PRAEFATIO.

210 584 250 635 ta.
278 573 381 633 Tertia
393 578 439 629 661
453 570 555 641 661116,
571 592 638 651 quia
650 575 771 635 Scholia
777 576 910 635 exbibet.
933 572 973 630 16
987 573 1072 647 pror.
1087 574 1124 631 66
1138 572 1298 633 1661166·

208 667 340 745 garrium
363 666 466 721 merdis
486 672 634 723 1661611611
653 687 682 725 16
695 676 812 725 ueterem
824 670 980 732 editionem,
993 683 1057 739 6116
1070 666 1148 738 ‘roepe
1167 667 1253 721 aliter
1266 668 1296 721 in

210 764 297 826 tectu,
324 755 406 811 aliter
433 758 463 810 16
489 757 598 813 scholiis
619 762 752 832 scripturn
777 760 887 825 161661,
912 758 1069 815 emendatae
1093 758 1136 813 ait
1161 755 1296 812 Paullus.

210 846 329 904 Scilicet
342 846 580 905 Brubachianam
597 854 679 919 (nam
694 849 864 909 Romanam
881 866 921 907 ne
934 848 1099 921 inspexisse
1113 847 1234 920 6616616
1247 847 1296 901 vi·

209 936 307 1003 detur)
323 939 509 996 6616666166
530 939 637 997 habuit
650 958 776 1014 eamque
789 942 826 998 ad
841 939 1076 1013 Stephanionem
1090 936 1297 994 recensionem

210 1028 334 1085 61161616
358 1029 507 1087 correxit:
533 1032 660 1088 66166116
682 1032 764 1088 bona
787 1032 891 1095 editio,
908 1030 1069 1095 etlcctoris,
1083 1029 1135 1101 qui
1160 1029 1295 1085 criticam

209 1120 405 1177 subtilitatem
415 1136 478 1177 non
493 1128 632 1187 sectatur,
645 1123 748 1180 usibus
762 1138 903 1197 perquam
915 1119 1148 1177 accommodata
1175 1117 1294 1192 Expec·

208 1212 290 1267 tabat
305 1210 428 1267 Paullus
441 1210 538 1269 661166
551 1211 592 1269 16.
606 1212 778 1272 casauboni
792 1211 1025 1276 observationes,
1040 1227 1115 1283 quus
1128 1217 1233 1265 tamen
1244 1224 1296 1265 66-

207 1304 318 1377 cepisse
333 1318 396 1359 666
410 1302 536 1359 ridetur.

214 1422 220 1432 ·
248 1394 348 1449 Aliana
359 1392 456 1449 Paulli
468 1393 610 1468 Stephani
620 1394 783 1451 editionem
795 1394 916 1453 Pindari
926 1411 955 1451 a.
971 1392 1056 1451 1600.
1064 1409 1131 1468 quaa
1141 1389 1300 1465 66611616·

212 1491 258 1541 161
268 1485 399 1541 16166166
412 1492 467 1551 661,
482 1502 571 1557 supra
584 1486 725 1544 vidimus.

252 1574 353 1631 Etiam
368 1573 566 1632 Parisieaaem
580 1571 669 1646 hujus
684 1578 758 1632 6661
772 1575 916 1632 habemus
930 1574 1070 1631 foeturam
1092 1568 1268 1643 hujusmodi
1280 1596 1288 1629 ι

213 1664 259 1720 Er
269 1666 393 1723 Pindaro
407 1662 520 1738 Eclago
539 1666 638 1723 Graece
652 1686 667 1723 e
681 1666 844 1741 typogropt.
860 1666 1027 1723 Preacrtoet.
1054 1664 1145 1722 Paris.
1163 1662 1250 1719 1600.
1266 1664 1297 1721 4.

251 1758 289 1815 61.
310 1758 453 1817 Maittair.
474 1760 583 1816 Annal.
610 1768 630 1817 t.
656 1762 698 1817 iii.
724 1758 1042 1864 pausaturum
1061 1774 1199 1903 expressa
1218 1755 1298 1831 typis

251 1942 289 1998 In
304 1950 448 2020 apparatu
463 1892 621 2000 Pindarico
637 1892 809 1999 babendum
824 1890 942 2013 666666

251 2032 668 2091 666661661616166
683 2032 878 2090 Pindaricum.
898 2032 1048 2089 Honorias
1066 2031 1151 2089 1606.
1172 1999 1213 2088 il..

251 2122 607 2181 Accommodatumillud
627 2124 727 2181 66166
749 2124 818 2180 edit.
851 2122 884 2179 P.
904 2122 1007 2197 Steph.
1031 2122 1122 2180 1590.
1146 2121 1295 2181 Doctrina

212 2214 385 2270 Graecanica
397 2215 596 2287 grammatica
609 2215 750 2273 multam
773 2215 825 2271 illo
845 2215 910 2271 viro
931 2221 1005 2280 erat,
1018 2214 1069 2271 sed
1088 2214 1174 2271 nulla
1187 2209 1296 2285 judieii

213 2304 378 2363 subtilitate
390 2304 521 2363 subacta.

249 2392 408 2453 1161116666
420 2394 521 2471 Steph
539 2396 614 2453 1612
629 2404 660 2453 61
679 2398 763 2455 1616.
788 2404 818 2453 61
831 2395 1041 2455 Ebrudunens
1066 2350 1152 2455 1624.
1172 2394 1294 2467 minore

213 2487 311 2544 iorma
323 2502 414 2559 supra
424 2488 589 2563 attigimus.

252 2606 294 2619 -
306 2594 348 2647 gr.
375 2576 459 2632 161.
449 2595 478 2633 tn
502 2576 620 2652 Corpore
643 2587 749 2651 poetar.
782 2581 832 2636 Gr.
856 2579 920 2636 ι166.
949 2576 1039 2634 166111
1062 2587 1083 2636 1.
1106 2579 1137 2634 11.
1162 2578 1295 2639 Genera

298 2668 411 2725 16141.

252 2760 387 2818 Tandem
401 2761 438 2819 ad
453 2762 638 2820 Schmidiurn
653 2772 830 2837 perventum
844 2772 900 2830 est,
914 2765 1063 2822 editorum
1074 2763 1196 2823 Pindari
1206 2765 1296 2824 166116

211 2851 386 2927 principem.
427 2850 596 2911 Nonracat
609 2855 773 2913 adscribere
787 2858 908 2915 titulum
915 2856 995 2923 libri,
1008 2856 1062 2929 661
1073 2858 1182 2930 passim
1196 2859 1296 2914 mani·

212 2942 269 2999 bus
283 2944 405 3000 teriturr
672 2966 676 2973 ¹

251 3031 390 3118 Πινδάρου
405 3031 578 3119 1611116-
590 3058 674 3114 opero
687 3039 803 3097 Erasnri
825 3040 969 3097 Schmidii
983 3039 1137 3106 Delitiorri,
1156 3040 1252 3097 Grec,
1263 3049 1293 3097 et

291 3130 458 3189 Mathemat.
471 3132 512 3189 P.
530 3130 570 3190 P.
585 3130 781 3207 (Vitebcrgae)
802 3132 891 3207 1610.Ι
902 3134 930 3188 4.
1064 3126 1069 3133 ’
1288 3184 1293 3195 ,

249 3218 345 3287 Idem,
360 3222 439 3294 quod
462 3240 528 3290 666,
542 3230 684 3295 66666166
705 3231 767 3279 6161
788 3222 958 3279 institutam
979 3221 1026 3278 vir
1044 3222 1244 3290 doctissimus,
1259 3232 1295 3281 ut

211 3310 452 3385 interpretaretur
463 3312 625 3369 Pindarum
638 3312 817 3369 lectionibus
829 3314 908 3383 suis;
924 3311 973 3367 sed
989 3312 1090 3384 paullo
1099 3312 1210 3367 lentius
1224 3330 1293 3385 pro-

211 3402 308 3457 cessit.
347 3399 426 3457 Num
449 3404 480 3459 16
506 3404 752 3476 interpretatione
773 3420 828 3458 sua
845 3400 1002 3459 Pindariea
1021 3409 1146 3475 septem,
1160 3410 1190 3457 et
1210 3403 1293 3475 6666

211 3491 350 3557 excurrit,
365 3508 460 3549 annos
480 3493 658 3558 consumsit,
680 3512 706 3550 a.
730 3492 850 3550 diade
873 3494 933 3551 xxi.
959 3492 1066 3549 Octcb.
1096 3493 1180 3549 1604.
1205 3492 1294 3551 161116

210 3582 290 3641 16616
303 3609 312 3655 3
336 3583 461 3641 isthmia
474 3594 574 3641 autem
591 3601 726 3641 66611616
740 3593 842 3641 aestate
856 3585 977 3642 demum
989 3603 1016 3641 a.
1033 3584 1087 3639 161
1098 3586 1123 3640 l.
1134 3601 1294 3666 aggressus

210 3684 263 3733 661.
304 3676 487 3753 vulgaverat
501 3678 551 3733 ille
561 3673 625 3747 jam
640 3694 721 3733 6666
736 3677 793 3733 1166
810 3678 895 3733 1611.
923 3673 1048 3732 Pindari
1059 3674 1123 3749 plur
1137 3694 1219 3747 66661
1230 3694 1294 3732 rea·

211 3771 295 3823 6611111
315 3772 344 3825 in
368 3772 433 3827 16616
445 3772 582 3827 emendati
602 3771 745 3845 rpecimen.
788 3768 862 3827 lude
883 3768 967 3825 missi
987 3766 1025 3823 ad
1045 3783 1114 3821 eum
1133 3776 1205 3825 sunt
1217 3766 1292 3825 dani

209 3856 328 3914 Gruteri
341 3879 411 3917 curn
423 3869 481 3919 tres
493 3862 579 3919 codd.
603 3860 677 3917 Mas.
689 3879 726 3916 cx
738 3858 834 3918 Elect.
855 3858 949 3917 Palat.
968 3857 1155 3915 Bibliotheca
1166 3856 1292 3916 Heidel-

209 3946 358 4025 hergensi,
389 3950 426 4009 de
453 3954 561 4027 quibus
582 3970 671 4029 supra
696 3970 727 4025 p·
753 3952 826 4009 xxii,
841 3968 885 4026 sq.
910 3950 1070 4026 diligenter
1094 3951 1207 4012 dictum
1234 3966 1290 4013 ast.

211 4040 268 4099 Sed
296 4042 374 4099 idem
400 4045 531 4118 66116616
558 4044 624 4103 edd.
648 4044 809 4102 instructus
834 4042 894 4099 1611
918 4043 1037 4119 egregie
1049 4064 1059 4109 3
1096 4042 1197 4101 laudat
1224 4044 1295 4108 edd.

142 4184 144 4188 .
209 4147 339 4213 quatuor
348 4154 418 4196 cum
433 4154 524 4197 manu
534 4141 596 4199 Viti
606 4138 785 4197 Winshemii
797 4140 833 4198 66
846 4139 999 4210 semisses,
1011 4143 1084 4222 item
1097 4139 1292 4215 Rauranum
