<?xml version="1.0" encoding="UTF-8"?>
<!DOCTYPE html PUBLIC "-//W3C//DTD XHTML 1.0 Transitional//EN"
    "http://www.w3.org/TR/xhtml1/DTD/xhtml1-transitional.dtd">
<html xmlns="http://www.w3.org/1999/xhtml" xml:lang="en" lang="en">
 <head>
  <title>
</title>
<meta http-equiv="Content-Type" content="text/html;charset=utf-8" />
  <meta name='ocr-system' content='tesseract 3.04.00' />
  <meta name='ocr-capabilities' content='ocr_page ocr_carea ocr_par ocr_line ocrx_word'/>
</head>
<body>
  <div class='ocr_page' id='page_1' title='image "./pindaricarminac00heyngoog_0025.png"; bbox 0 0 2892 4834; ppageno 0'>
   <div class='ocr_carea' id='block_1_1' title="bbox 491 355 1210 449">
    <p class='ocr_par' dir='ltr' id='par_1_1' title="bbox 491 355 1210 449">
     <span class='ocr_line' id='line_1_1' title="bbox 491 355 1210 449; baseline 0.011 -26"><span class='ocrx_word' id='word_1_1' title='bbox 491 355 808 449; x_wconf 79' lang='lat' dir='ltr'>rsnrnrro.</span> <span class='ocrx_word' id='word_1_2' title='bbox 1142 366 1210 431; x_wconf 59' lang='lat' dir='ltr'>rur</span> 
     </span>
    </p>
   </div>
   <div class='ocr_carea' id='block_1_2' title="bbox 31 537 1417 4583">
    <p class='ocr_par' dir='ltr' id='par_1_2' title="bbox 31 537 1417 1742">
     <span class='ocr_line' id='line_1_2' title="bbox 130 537 1220 647; baseline 0.013 -37"><span class='ocrx_word' id='word_1_3' title='bbox 130 537 200 612; x_wconf 86' lang='lat' dir='ltr'>ridi</span> <span class='ocrx_word' id='word_1_4' title='bbox 212 555 509 621; x_wconf 83' lang='lat' dir='ltr'>commemorata.</span> <span class='ocrx_word' id='word_1_5' title='bbox 567 546 765 620; x_wconf 80' lang='lat' dir='ltr'>Probabile</span> <span class='ocrx_word' id='word_1_6' title='bbox 783 549 905 647; x_wconf 71' lang='lat' dir='ltr'>itaque</span> <span class='ocrx_word' id='word_1_7' title='bbox 922 539 976 634; x_wconf 72' lang='lat' dir='ltr'>fir,</span> <span class='ocrx_word' id='word_1_8' title='bbox 986 566 1076 621; x_wconf 77' lang='lat' dir='ltr'>casu</span> <span class='ocrx_word' id='word_1_9' title='bbox 1092 553 1220 624; x_wconf 67' lang='lat' dir='ltr'>urta·-</span> 
     </span>
     <span class='ocr_line' id='line_1_3' title="bbox 131 643 1290 758; baseline 0.009 -34"><span class='ocrx_word' id='word_1_10' title='bbox 131 654 378 753; x_wconf 70' lang='lat' dir='ltr'>ummquem</span> <span class='ocrx_word' id='word_1_11' title='bbox 389 657 558 743; x_wconf 67' lang='lat' dir='ltr'>acutam</span> <span class='ocrx_word' id='word_1_12' title='bbox 571 659 652 732; x_wconf 74' lang='lat' dir='ltr'>naee</span> <span class='ocrx_word' id='word_1_13' title='bbox 666 661 832 758; x_wconf 78' lang='lat' dir='ltr'>tempora</span> <span class='ocrx_word' id='word_1_14' title='bbox 847 660 1009 757; x_wconf 68' lang='lat' dir='ltr'>augiae</span> <span class='ocrx_word' id='word_1_15' title='bbox 1027 662 1212 735; x_wconf 60' lang='lat' dir='ltr'>unsina</span> <span class='ocrx_word' id='word_1_16' title='bbox 1288 643 1290 656; x_wconf 84' lang='lat'>&#39;</span> 
     </span>
     <span class='ocr_line' id='line_1_4' title="bbox 131 773 1212 874; baseline 0.01 -34"><span class='ocrx_word' id='word_1_17' title='bbox 131 787 245 857; x_wconf 76' lang='lat' dir='ltr'>gurra,</span> <span class='ocrx_word' id='word_1_18' title='bbox 262 779 301 841; x_wconf 88' lang='lat' dir='ltr'>et</span> <span class='ocrx_word' id='word_1_19' title='bbox 317 781 543 869; x_wconf 80' lang='lat' dir='ltr'>protractum</span> <span class='ocrx_word' id='word_1_20' title='bbox 559 776 598 846; x_wconf 93' lang='lat' dir='ltr'>in</span> <span class='ocrx_word' id='word_1_21' title='bbox 617 775 738 848; x_wconf 88' lang='lat' dir='ltr'>lucem</span> <span class='ocrx_word' id='word_1_22' title='bbox 751 799 774 848; x_wconf 93' lang='lat' dir='ltr'>a</span> <span class='ocrx_word' id='word_1_23' title='bbox 789 773 959 874; x_wconf 87' lang='lat' dir='ltr'>pluribus</span> <span class='ocrx_word' id='word_1_24' title='bbox 988 774 1212 873; x_wconf 84' lang='lat' dir='ltr'>descriptum</span> 
     </span>
     <span class='ocr_line' id='line_1_5' title="bbox 132 881 1213 986; baseline 0.007 -33"><span class='ocrx_word' id='word_1_25' title='bbox 132 897 215 953; x_wconf 60' lang='lat' dir='ltr'>tm.</span> <span class='ocrx_word' id='word_1_26' title='bbox 268 881 457 982; x_wconf 86' lang='lat' dir='ltr'>Corrupta</span> <span class='ocrx_word' id='word_1_27' title='bbox 482 895 603 959; x_wconf 85' lang='lat' dir='ltr'>autem</span> <span class='ocrx_word' id='word_1_28' title='bbox 632 886 753 968; x_wconf 80' lang='lat' dir='ltr'>multo</span> <span class='ocrx_word' id='word_1_29' title='bbox 781 889 899 984; x_wconf 82' lang='lat' dir='ltr'>magis</span> <span class='ocrx_word' id='word_1_30' title='bbox 923 887 1102 986; x_wconf 83' lang='lat' dir='ltr'>Olympia</span> <span class='ocrx_word' id='word_1_31' title='bbox 1113 899 1213 975; x_wconf 91' lang='lat' dir='ltr'>sunt,</span> 
     </span>
     <span class='ocr_line' id='line_1_6' title="bbox 132 988 1213 1094; baseline 0.013 -35"><span class='ocrx_word' id='word_1_32' title='bbox 132 1009 213 1061; x_wconf 89' lang='lat' dir='ltr'>cum</span> <span class='ocrx_word' id='word_1_33' title='bbox 228 988 470 1068; x_wconf 72' lang='lat' dir='ltr'><strong>Isthmiorum</strong></span> <span class='ocrx_word' id='word_1_34' title='bbox 488 997 575 1083; x_wconf 88' lang='lat' dir='ltr'>fine,</span> <span class='ocrx_word' id='word_1_35' title='bbox 594 1019 705 1093; x_wconf 91' lang='lat' dir='ltr'>quam</span> <span class='ocrx_word' id='word_1_36' title='bbox 723 996 856 1094; x_wconf 82' lang='lat' dir='ltr'>Pythia</span> <span class='ocrx_word' id='word_1_37' title='bbox 881 1009 918 1073; x_wconf 87' lang='lat' dir='ltr'>et</span> <span class='ocrx_word' id='word_1_38' title='bbox 934 997 1085 1074; x_wconf 86' lang='lat' dir='ltr'>Nemea.</span> <span class='ocrx_word' id='word_1_39' title='bbox 1139 997 1213 1073; x_wconf 88' lang='lat' dir='ltr'>Sed</span> 
     </span>
     <span class='ocr_line' id='line_1_7' title="bbox 133 1101 1213 1220; baseline 0.013 -50"><span class='ocrx_word' id='word_1_40' title='bbox 133 1109 167 1170; x_wconf 86' lang='lat' dir='ltr'>ct</span> <span class='ocrx_word' id='word_1_41' title='bbox 183 1101 221 1172; x_wconf 86' lang='lat' dir='ltr'>in</span> <span class='ocrx_word' id='word_1_42' title='bbox 237 1104 322 1176; x_wconf 90' lang='lat' dir='ltr'>aliis</span> <span class='ocrx_word' id='word_1_43' title='bbox 332 1109 574 1205; x_wconf 80' lang='lat' dir='ltr'><strong>scriptoribus</strong></span> <span class='ocrx_word' id='word_1_44' title='bbox 590 1108 662 1182; x_wconf 88' lang='lat' dir='ltr'>boc</span> <span class='ocrx_word' id='word_1_45' title='bbox 678 1108 974 1184; x_wconf 80' lang='lat' dir='ltr'>animadvertere</span> <span class='ocrx_word' id='word_1_46' title='bbox 987 1111 1087 1200; x_wconf 83' lang='lat' dir='ltr'>licet,</span> <span class='ocrx_word' id='word_1_47' title='bbox 1104 1114 1213 1220; x_wconf 77' lang='lat' dir='ltr'>copia</span> 
     </span>
     <span class='ocr_line' id='line_1_8' title="bbox 133 1216 1214 1316; baseline 0.011 -32"><span class='ocrx_word' id='word_1_48' title='bbox 133 1229 261 1305; x_wconf 79' lang='lat' dir='ltr'>magna</span> <span class='ocrx_word' id='word_1_49' title='bbox 293 1216 468 1290; x_wconf 89' lang='lat' dir='ltr'>codicum</span> <span class='ocrx_word' id='word_1_50' title='bbox 485 1219 720 1316; x_wconf 83' lang='lat' dir='ltr'>integriorem</span> <span class='ocrx_word' id='word_1_51' title='bbox 740 1229 776 1293; x_wconf 86' lang='lat' dir='ltr'>et</span> <span class='ocrx_word' id='word_1_52' title='bbox 792 1222 984 1296; x_wconf 90' lang='lat' dir='ltr'>meliorem</span> <span class='ocrx_word' id='word_1_53' title='bbox 1018 1223 1214 1303; x_wconf 81' lang='lat' dir='ltr'>tectionem</span> 
     </span>
     <span class='ocr_line' id='line_1_9' title="bbox 135 1325 1228 1432; baseline 0.017 -38"><span class='ocrx_word' id='word_1_54' title='bbox 135 1345 202 1394; x_wconf 91' lang='lat' dir='ltr'>non</span> <span class='ocrx_word' id='word_1_55' title='bbox 219 1325 328 1400; x_wconf 83' lang='lat' dir='ltr'>facile</span> <span class='ocrx_word' id='word_1_56' title='bbox 353 1330 539 1426; x_wconf 74' lang='lat' dir='ltr'>praestari3</span> <span class='ocrx_word' id='word_1_57' title='bbox 565 1341 693 1403; x_wconf 88' lang='lat' dir='ltr'>contra</span> <span class='ocrx_word' id='word_1_58' title='bbox 709 1353 730 1403; x_wconf 91' lang='lat' dir='ltr'>e</span> <span class='ocrx_word' id='word_1_59' title='bbox 748 1333 983 1424; x_wconf 72' lang='lat' dir='ltr'>librariorum</span> <span class='ocrx_word' id='word_1_60' title='bbox 996 1344 1143 1432; x_wconf 79' lang='lat' dir='ltr'>stupore</span> <span class='ocrx_word' id='word_1_61' title='bbox 1156 1336 1228 1413; x_wconf 88' lang='lat' dir='ltr'>vel.</span> 
     </span>
     <span class='ocr_line' id='line_1_10' title="bbox 132 1426 1220 1543; baseline 0.011 -37"><span class='ocrx_word' id='word_1_62' title='bbox 132 1435 315 1510; x_wconf 79' lang='lat' dir='ltr'>oscitantia</span> <span class='ocrx_word' id='word_1_63' title='bbox 346 1426 538 1514; x_wconf 65' lang='lat' dir='ltr'>molestam</span> <span class='ocrx_word' id='word_1_64' title='bbox 569 1443 742 1521; x_wconf 84' lang='lat' dir='ltr'>variantis</span> <span class='ocrx_word' id='word_1_65' title='bbox 786 1444 954 1518; x_wconf 84' lang='lat' dir='ltr'>lectionis</span> <span class='ocrx_word' id='word_1_66' title='bbox 994 1445 1220 1543; x_wconf 78' lang='lat' dir='ltr'>fanaginem</span> 
     </span>
     <span class='ocr_line' id='line_1_11' title="bbox 134 1548 1217 1656; baseline 0.014 -41"><span class='ocrx_word' id='word_1_67' title='bbox 134 1548 237 1634; x_wconf 90' lang='lat' dir='ltr'>nasci,</span> <span class='ocrx_word' id='word_1_68' title='bbox 254 1573 387 1646; x_wconf 87' lang='lat' dir='ltr'>parum</span> <span class='ocrx_word' id='word_1_69' title='bbox 403 1565 469 1626; x_wconf 90' lang='lat' dir='ltr'>aut</span> <span class='ocrx_word' id='word_1_70' title='bbox 496 1553 591 1628; x_wconf 89' lang='lat' dir='ltr'>nihil</span> <span class='ocrx_word' id='word_1_71' title='bbox 607 1553 847 1651; x_wconf 80' lang='lat' dir='ltr'>profuturam,</span> <span class='ocrx_word' id='word_1_72' title='bbox 864 1557 929 1630; x_wconf 87' lang='lat' dir='ltr'>sed</span> <span class='ocrx_word' id='word_1_73' title='bbox 962 1557 1081 1632; x_wconf 81' lang='lat' dir='ltr'>multo</span> <span class='ocrx_word' id='word_1_74' title='bbox 1098 1559 1217 1656; x_wconf 75' lang='lat' dir='ltr'>pagis</span> 
     </span>
     <span class='ocr_line' id='line_1_12' title="bbox 31 1655 1417 1742; baseline 0.012 -13"><span class='ocrx_word' id='word_1_75' title='bbox 31 1700 33 1709; x_wconf 72' lang='lat'>‚</span> <span class='ocrx_word' id='word_1_76' title='bbox 135 1656 339 1735; x_wconf 77' lang='lat' dir='ltr'>obscurram</span> <span class='ocrx_word' id='word_1_77' title='bbox 357 1665 468 1738; x_wconf 87' lang='lat' dir='ltr'>etiam</span> <span class='ocrx_word' id='word_1_78' title='bbox 488 1665 626 1739; x_wconf 81' lang='lat' dir='ltr'>criticis</span> <span class='ocrx_word' id='word_1_79' title='bbox 652 1667 795 1742; x_wconf 82' lang='lat' dir='ltr'>studiis.</span> <span class='ocrx_word' id='word_1_80' title='bbox 1337 1675 1339 1682; x_wconf 78' lang='grc'>’</span> <span class='ocrx_word' id='word_1_81' title='bbox 1416 1655 1417 1664; x_wconf 34' lang='lat'>¹</span> 
     </span>
    </p>

    <p class='ocr_par' dir='ltr' id='par_1_3' title="bbox 135 1770 1291 2099">
     <span class='ocr_line' id='line_1_13' title="bbox 179 1770 1291 1872; baseline 0.002 -21"><span class='ocrx_word' id='word_1_82' title='bbox 179 1770 282 1851; x_wconf 84' lang='lat' dir='ltr'>Quot</span> <span class='ocrx_word' id='word_1_83' title='bbox 295 1783 440 1872; x_wconf 83' lang='lat' dir='ltr'>etquos</span> <span class='ocrx_word' id='word_1_84' title='bbox 448 1776 595 1850; x_wconf 83' lang='lat' dir='ltr'>codices</span> <span class='ocrx_word' id='word_1_85' title='bbox 612 1776 733 1850; x_wconf 84' lang='lat' dir='ltr'>Aldus</span> <span class='ocrx_word' id='word_1_86' title='bbox 755 1786 792 1850; x_wconf 88' lang='lat' dir='ltr'>et</span> <span class='ocrx_word' id='word_1_87' title='bbox 806 1777 1009 1856; x_wconf 81' lang='lat' dir='ltr'>secundum</span> <span class='ocrx_word' id='word_1_88' title='bbox 1027 1781 1113 1852; x_wconf 84' lang='lat' dir='ltr'>euin</span> <span class='ocrx_word' id='word_1_89' title='bbox 1131 1779 1219 1854; x_wconf 74' lang='lat' dir='ltr'>can</span> <span class='ocrx_word' id='word_1_90' title='bbox 1287 1787 1291 1804; x_wconf 88' lang='lat'>&#39;</span> 
     </span>
     <span class='ocr_line' id='line_1_14' title="bbox 135 1878 1218 1985; baseline 0.011 -33"><span class='ocrx_word' id='word_1_91' title='bbox 135 1880 265 1978; x_wconf 82' lang='lat' dir='ltr'>liergnu</span> <span class='ocrx_word' id='word_1_92' title='bbox 294 1890 554 1984; x_wconf 80' lang='lat' dir='ltr'>expresserint,</span> <span class='ocrx_word' id='word_1_93' title='bbox 581 1911 660 1978; x_wconf 82' lang='lat' dir='ltr'>non</span> <span class='ocrx_word' id='word_1_94' title='bbox 680 1878 833 1985; x_wconf 84' lang='lat' dir='ltr'>copstat.</span> <span class='ocrx_word' id='word_1_95' title='bbox 882 1888 972 1962; x_wconf 86' lang='lat' dir='ltr'>Nec.</span> <span class='ocrx_word' id='word_1_96' title='bbox 992 1889 1124 1964; x_wconf 84' lang='lat' dir='ltr'>iisdem</span> <span class='ocrx_word' id='word_1_97' title='bbox 1153 1913 1218 1964; x_wconf 87' lang='lat' dir='ltr'>cos</span> 
     </span>
     <span class='ocr_line' id='line_1_15' title="bbox 135 1991 1223 2099; baseline 0.01 -33"><span class='ocrx_word' id='word_1_98' title='bbox 135 1991 232 2068; x_wconf 79' lang='lat' dir='ltr'>libris</span> <span class='ocrx_word' id='word_1_99' title='bbox 244 2020 317 2099; x_wconf 82' lang='lat' dir='ltr'>per</span> <span class='ocrx_word' id='word_1_100' title='bbox 335 2008 457 2073; x_wconf 89' lang='lat' dir='ltr'>totum</span> <span class='ocrx_word' id='word_1_101' title='bbox 474 2023 568 2098; x_wconf 78' lang='lat' dir='ltr'>opus</span> <span class='ocrx_word' id='word_1_102' title='bbox 583 2021 670 2074; x_wconf 85' lang='lat' dir='ltr'>usos</span> <span class='ocrx_word' id='word_1_103' title='bbox 684 2019 763 2092; x_wconf 68' lang='lat' dir='ltr'>esse</span> <span class='ocrx_word' id='word_1_104' title='bbox 778 2000 927 2096; x_wconf 85' lang='lat' dir='ltr'>liquido</span> <span class='ocrx_word' id='word_1_105' title='bbox 962 2000 1223 2096; x_wconf 76' lang='lat' dir='ltr'>cognovimus·</span> 
     </span>
    </p>

    <p class='ocr_par' dir='ltr' id='par_1_4' title="bbox 31 2103 1284 2895">
     <span class='ocr_line' id='line_1_16' title="bbox 76 2103 1219 2209; baseline 0.01 -31"><span class='ocrx_word' id='word_1_106' title='bbox 76 2171 86 2196; x_wconf 79' lang='grc'><em>,</em></span> <span class='ocrx_word' id='word_1_107' title='bbox 133 2103 171 2179; x_wconf 88' lang='lat' dir='ltr'>ln</span> <span class='ocrx_word' id='word_1_108' title='bbox 186 2107 376 2209; x_wconf 84' lang='lat' dir='ltr'>Olympiis</span> <span class='ocrx_word' id='word_1_109' title='bbox 386 2110 508 2185; x_wconf 78' lang='lat' dir='ltr'>Aldus</span> <span class='ocrx_word' id='word_1_110' title='bbox 523 2111 690 2191; x_wconf 83' lang='lat' dir='ltr'>oodioem</span> <span class='ocrx_word' id='word_1_111' title='bbox 712 2122 897 2186; x_wconf 82' lang='lat' dir='ltr'>recentem</span> <span class='ocrx_word' id='word_1_112' title='bbox 914 2112 1102 2201; x_wconf 73' lang='lat' dir='ltr'>babuisse</span> <span class='ocrx_word' id='word_1_113' title='bbox 1118 2114 1219 2188; x_wconf 66' lang='lat' dir='ltr'>ride-¹</span> 
     </span>
     <span class='ocr_line' id='line_1_17' title="bbox 31 2223 1222 2320; baseline 0.009 -31"><span class='ocrx_word' id='word_1_114' title='bbox 31 2268 32 2289; x_wconf 19' lang='grc' dir='ltr'>ἶ</span> <span class='ocrx_word' id='word_1_115' title='bbox 133 2227 199 2304; x_wconf 85' lang='lat' dir='ltr'>tur,</span> <span class='ocrx_word' id='word_1_116' title='bbox 214 2223 280 2318; x_wconf 92' lang='lat' dir='ltr'>qui</span> <span class='ocrx_word' id='word_1_117' title='bbox 306 2223 355 2296; x_wconf 84' lang='lat' dir='ltr'>ad</span> <span class='ocrx_word' id='word_1_118' title='bbox 383 2224 583 2298; x_wconf 84' lang='lat' dir='ltr'>dialectum</span> <span class='ocrx_word' id='word_1_119' title='bbox 610 2227 800 2319; x_wconf 69' lang='lat' dir='ltr'>vulgarem</span> <span class='ocrx_word' id='word_1_120' title='bbox 825 2223 985 2320; x_wconf 87' lang='lat' dir='ltr'>plurima</span> <span class='ocrx_word' id='word_1_121' title='bbox 1018 2223 1222 2300; x_wconf 85' lang='lat' dir='ltr'>inflexisset</span> 
     </span>
     <span class='ocr_line' id='line_1_18' title="bbox 134 2333 1219 2433; baseline 0.01 -30"><span class='ocrx_word' id='word_1_122' title='bbox 134 2343 370 2410; x_wconf 76' lang='lat' dir='ltr'>etmutasset.</span> <span class='ocrx_word' id='word_1_123' title='bbox 420 2337 551 2433; x_wconf 74' lang='lat' dir='ltr'>longe</span> <span class='ocrx_word' id='word_1_124' title='bbox 573 2334 767 2409; x_wconf 78' lang='lat' dir='ltr'>meliorem</span> <span class='ocrx_word' id='word_1_125' title='bbox 790 2333 939 2408; x_wconf 84' lang='lat' dir='ltr'>librum·</span> <span class='ocrx_word' id='word_1_126' title='bbox 962 2338 1148 2432; x_wconf 86' lang='lat' dir='ltr'>expressit</span> <span class='ocrx_word' id='word_1_127' title='bbox 1179 2341 1219 2414; x_wconf 91' lang='lat' dir='ltr'>in</span> 
     </span>
     <span class='ocr_line' id='line_1_19' title="bbox 31 2441 1223 2555; baseline 0.008 -40"><span class='ocrx_word' id='word_1_128' title='bbox 31 2460 32 2555; x_wconf 22' lang='lat' dir='ltr'>p</span> <span class='ocrx_word' id='word_1_129' title='bbox 136 2441 276 2540; x_wconf 83' lang='lat' dir='ltr'>Pytbiis</span> <span class='ocrx_word' id='word_1_130' title='bbox 292 2457 330 2519; x_wconf 88' lang='lat' dir='ltr'>et</span> <span class='ocrx_word' id='word_1_131' title='bbox 346 2451 384 2521; x_wconf 91' lang='lat' dir='ltr'>in</span> <span class='ocrx_word' id='word_1_132' title='bbox 405 2447 578 2523; x_wconf 85' lang='lat' dir='ltr'>Nemeis:</span> <span class='ocrx_word' id='word_1_133' title='bbox 604 2447 730 2533; x_wconf 88' lang='lat' dir='ltr'>alium,</span> <span class='ocrx_word' id='word_1_134' title='bbox 746 2467 926 2544; x_wconf 77' lang='lat' dir='ltr'>,eumque</span> <span class='ocrx_word' id='word_1_135' title='bbox 954 2449 1041 2523; x_wconf 84' lang='lat' dir='ltr'>satis</span> <span class='ocrx_word' id='word_1_136' title='bbox 1070 2469 1223 2552; x_wconf 77' lang='lat' dir='ltr'>cormp-</span> 
     </span>
     <span class='ocr_line' id='line_1_20' title="bbox 31 2559 1284 2672; baseline 0.008 -31"><span class='ocrx_word' id='word_1_137' title='bbox 31 2570 32 2585; x_wconf 63' lang='lat'><em>³</em></span> <span class='ocrx_word' id='word_1_138' title='bbox 133 2577 221 2656; x_wconf 82' lang='lat' dir='ltr'>tum,</span> <span class='ocrx_word' id='word_1_139' title='bbox 239 2571 281 2644; x_wconf 88' lang='lat' dir='ltr'>in</span> <span class='ocrx_word' id='word_1_140' title='bbox 296 2559 472 2647; x_wconf 84' lang='lat' dir='ltr'>isthmiis.</span> <span class='ocrx_word' id='word_1_141' title='bbox 512 2573 826 2668; x_wconf 70' lang='lat' dir='ltr'>Calliergus&#39;vero</span> <span class='ocrx_word' id='word_1_142' title='bbox 842 2573 882 2646; x_wconf 92' lang='lat' dir='ltr'>in</span> <span class='ocrx_word' id='word_1_143' title='bbox 899 2568 1082 2672; x_wconf 84' lang='lat' dir='ltr'>Olympiis</span> <span class='ocrx_word' id='word_1_144' title='bbox 1097 2579 1221 2650; x_wconf 86' lang='lat' dir='ltr'>statim</span> <span class='ocrx_word' id='word_1_145' title='bbox 1278 2633 1284 2642; x_wconf 81' lang='lat'><em>.</em></span> 
     </span>
     <span class='ocr_line' id='line_1_21' title="bbox 31 2668 1223 2782; baseline 0.011 -32"><span class='ocrx_word' id='word_1_146' title='bbox 31 2668 32 2699; x_wconf 62' lang='lat'>¹</span> <span class='ocrx_word' id='word_1_147' title='bbox 135 2683 399 2758; x_wconf 86' lang='lat' dir='ltr'>emendatiores</span> <span class='ocrx_word' id='word_1_148' title='bbox 415 2685 530 2759; x_wconf 79' lang='lat' dir='ltr'>libros</span> <span class='ocrx_word' id='word_1_149' title='bbox 540 2684 721 2770; x_wconf 74' lang='lat' dir='ltr'>adhibuit,</span> <span class='ocrx_word' id='word_1_150' title='bbox 738 2683 845 2780; x_wconf 90' lang='lat' dir='ltr'>plura</span> <span class='ocrx_word' id='word_1_151' title='bbox 871 2705 1023 2782; x_wconf 85' lang='lat' dir='ltr'>quoque</span> <span class='ocrx_word' id='word_1_152' title='bbox 1041 2709 1087 2760; x_wconf 84' lang='lat' dir='ltr'>ex</span> <span class='ocrx_word' id='word_1_153' title='bbox 1108 2687 1223 2763; x_wconf 68' lang='lat' dir='ltr'>Scho-</span> 
     </span>
     <span class='ocr_line' id='line_1_22' title="bbox 136 2789 1085 2895; baseline 0.009 -34"><span class='ocrx_word' id='word_1_154' title='bbox 136 2789 203 2878; x_wconf 85' lang='lat' dir='ltr'>liis,</span> <span class='ocrx_word' id='word_1_155' title='bbox 221 2818 311 2890; x_wconf 82' lang='lat' dir='ltr'>quae</span> <span class='ocrx_word' id='word_1_156' title='bbox 323 2799 467 2894; x_wconf 87' lang='lat' dir='ltr'>primus</span> <span class='ocrx_word' id='word_1_157' title='bbox 479 2795 663 2895; x_wconf 75' lang='lat' dir='ltr'>apposuit,</span> <span class='ocrx_word' id='word_1_158' title='bbox 676 2803 867 2868; x_wconf 85' lang='lat' dir='ltr'>mutuatus</span> <span class='ocrx_word' id='word_1_159' title='bbox 881 2805 946 2870; x_wconf 87' lang='lat' dir='ltr'>est.</span> <span class='ocrx_word' id='word_1_160' title='bbox 1081 2874 1085 2882; x_wconf 60' lang='grc'><strong>,</strong></span> 
     </span>
    </p>

    <p class='ocr_par' dir='ltr' id='par_1_5' title="bbox 138 2904 1225 3344">
     <span class='ocr_line' id='line_1_23' title="bbox 182 2904 1222 3010; baseline 0.008 -34"><span class='ocrx_word' id='word_1_161' title='bbox 182 2904 339 2993; x_wconf 84' lang='lat' dir='ltr'>Omnes,</span> <span class='ocrx_word' id='word_1_162' title='bbox 359 2918 544 3010; x_wconf 85' lang='lat' dir='ltr'>quotquot</span> <span class='ocrx_word' id='word_1_163' title='bbox 560 2905 790 3002; x_wconf 82' lang='lat' dir='ltr'>Calliergum</span> <span class='ocrx_word' id='word_1_164' title='bbox 809 2918 1048 3004; x_wconf 65' lang='lat' dir='ltr'>occeperunt,</span> <span class='ocrx_word' id='word_1_165' title='bbox 1062 2909 1222 2984; x_wconf 80' lang='lat' dir='ltr'>editores</span> 
     </span>
     <span class='ocr_line' id='line_1_24' title="bbox 138 3016 1223 3121; baseline 0.006 -30"><span class='ocrx_word' id='word_1_166' title='bbox 138 3016 323 3094; x_wconf 80' lang='lat' dir='ltr'>codicibus</span> <span class='ocrx_word' id='word_1_167' title='bbox 349 3025 497 3121; x_wconf 82' lang='lat' dir='ltr'>scriptia</span> <span class='ocrx_word' id='word_1_168' title='bbox 527 3045 639 3119; x_wconf 84' lang='lat' dir='ltr'>aequo</span> <span class='ocrx_word' id='word_1_169' title='bbox 659 3020 786 3094; x_wconf 92' lang='lat' dir='ltr'>animo</span> <span class='ocrx_word' id='word_1_170' title='bbox 805 3029 1012 3094; x_wconf 81' lang='lat' dir='ltr'>caruerunt.</span> <span class='ocrx_word' id='word_1_171' title='bbox 1055 3018 1223 3119; x_wconf 89' lang='lat' dir='ltr'>Diligen-</span> 
     </span>
     <span class='ocr_line' id='line_1_25' title="bbox 139 3129 1225 3232; baseline 0.01 -33"><span class='ocrx_word' id='word_1_172' title='bbox 139 3129 206 3201; x_wconf 90' lang='lat' dir='ltr'>tior</span> <span class='ocrx_word' id='word_1_173' title='bbox 221 3132 296 3206; x_wconf 81' lang='lat' dir='ltr'>fuit</span> <span class='ocrx_word' id='word_1_174' title='bbox 319 3146 431 3232; x_wconf 80' lang='lat' dir='ltr'>opero</span> <span class='ocrx_word' id='word_1_175' title='bbox 465 3133 661 3220; x_wconf 80' lang='lat' dir='ltr'>Schmidii,</span> <span class='ocrx_word' id='word_1_176' title='bbox 696 3131 896 3229; x_wconf 81' lang='lat' dir='ltr'>popularis·</span> <span class='ocrx_word' id='word_1_177' title='bbox 911 3134 1038 3220; x_wconf 82' lang='lat' dir='ltr'>nostri,</span> <span class='ocrx_word' id='word_1_178' title='bbox 1069 3135 1151 3223; x_wconf 85' lang='lat' dir='ltr'>viri,</span> <span class='ocrx_word' id='word_1_179' title='bbox 1183 3143 1225 3210; x_wconf 88' lang='lat' dir='ltr'>ut</span> 
     </span>
     <span class='ocr_line' id='line_1_26' title="bbox 139 3244 1224 3344; baseline 0.009 -32"><span class='ocrx_word' id='word_1_180' title='bbox 139 3253 236 3314; x_wconf 85' lang='lat' dir='ltr'>erant</span> <span class='ocrx_word' id='word_1_181' title='bbox 264 3268 308 3318; x_wconf 87' lang='lat' dir='ltr'>ea</span> <span class='ocrx_word' id='word_1_182' title='bbox 336 3255 444 3320; x_wconf 72' lang='lat' dir='ltr'>aetate</span> <span class='ocrx_word' id='word_1_183' title='bbox 476 3247 657 3330; x_wconf 86' lang='lat' dir='ltr'>homines,</span> <span class='ocrx_word' id='word_1_184' title='bbox 688 3251 873 3316; x_wconf 64' lang='lat' dir='ltr'>accuratu*</span> <span class='ocrx_word' id='word_1_185' title='bbox 889 3244 1035 3332; x_wconf 89' lang='lat' dir='ltr'>eruditi,</span> <span class='ocrx_word' id='word_1_186' title='bbox 1067 3249 1133 3344; x_wconf 88' lang='lat' dir='ltr'>qui</span> <span class='ocrx_word' id='word_1_187' title='bbox 1150 3257 1224 3322; x_wconf 82' lang='lat' dir='ltr'>tres</span> 
     </span>
    </p>

    <p class='ocr_par' dir='ltr' id='par_1_6' title="bbox 31 3340 1224 3454">
     <span class='ocr_line' id='line_1_27' title="bbox 31 3340 1224 3454; baseline 0.004 -27"><span class='ocrx_word' id='word_1_188' title='bbox 31 3340 32 3357; x_wconf 48' lang='lat'>¹</span> <span class='ocrx_word' id='word_1_189' title='bbox 140 3349 323 3430; x_wconf 84' lang='lat' dir='ltr'>Palatinos</span> <span class='ocrx_word' id='word_1_190' title='bbox 339 3379 387 3429; x_wconf 84' lang='lat' dir='ltr'>ex</span> <span class='ocrx_word' id='word_1_191' title='bbox 401 3354 656 3432; x_wconf 69' lang='lat' dir='ltr'>Elem.·Palat.</span> <span class='ocrx_word' id='word_1_192' title='bbox 683 3340 918 3432; x_wconf 65' lang='lat' dir='ltr'>Bibliotheca</span> <span class='ocrx_word' id='word_1_193' title='bbox 934 3355 1224 3454; x_wconf 83' lang='lat' dir='ltr'>Heidelbergen-</span> 
     </span>
    </p>

    <p class='ocr_par' dir='ltr' id='par_1_7' title="bbox 31 3465 1223 3566">
     <span class='ocr_line' id='line_1_28' title="bbox 31 3465 1223 3566; baseline 0.003 -30"><span class='ocrx_word' id='word_1_194' title='bbox 31 3548 32 3557; x_wconf 9' lang='grc' dir='ltr'>ἶ</span> <span class='ocrx_word' id='word_1_195' title='bbox 139 3466 168 3538; x_wconf 88' lang='lat' dir='ltr'>si</span> <span class='ocrx_word' id='word_1_196' title='bbox 188 3479 317 3542; x_wconf 87' lang='lat' dir='ltr'>nactus</span> <span class='ocrx_word' id='word_1_197' title='bbox 346 3478 434 3556; x_wconf 85' lang='lat' dir='ltr'>erat,</span> <span class='ocrx_word' id='word_1_198' title='bbox 462 3493 560 3566; x_wconf 83' lang='lat' dir='ltr'>quos</span> <span class='ocrx_word' id='word_1_199' title='bbox 583 3468 673 3543; x_wconf 80' lang='lat' dir='ltr'>Pal:</span> <span class='ocrx_word' id='word_1_200' title='bbox 688 3467 738 3539; x_wconf 84' lang='lat' dir='ltr'>A.</span> <span class='ocrx_word' id='word_1_201' title='bbox 764 3465 811 3540; x_wconf 85' lang='lat' dir='ltr'>B.</span> <span class='ocrx_word' id='word_1_202' title='bbox 831 3465 878 3540; x_wconf 87' lang='lat' dir='ltr'>C.</span> <span class='ocrx_word' id='word_1_203' title='bbox 904 3465 1083 3562; x_wconf 83' lang='lat' dir='ltr'>insignire</span> <span class='ocrx_word' id='word_1_204' title='bbox 1117 3469 1223 3540; x_wconf 71' lang='lat' dir='ltr'>solet,</span> 
     </span>
    </p>

    <p class='ocr_par' dir='ltr' id='par_1_8' title="bbox 31 3569 1286 4478">
     <span class='ocr_line' id='line_1_29' title="bbox 31 3569 1286 3681; baseline -0.001 -30"><span class='ocrx_word' id='word_1_205' title='bbox 31 3606 32 3677; x_wconf 62' lang='lat'>3</span> <span class='ocrx_word' id='word_1_206' title='bbox 140 3575 959 3681; x_wconf 79' lang='lat' dir='ltr'>Primusmembranaceusfuit,quantivisille</span> <span class='ocrx_word' id='word_1_207' title='bbox 973 3580 1095 3674; x_wconf 87' lang='lat' dir='ltr'>pretii,</span> <span class='ocrx_word' id='word_1_208' title='bbox 1111 3603 1225 3675; x_wconf 85' lang='lat' dir='ltr'>quan·</span> <span class='ocrx_word' id='word_1_209' title='bbox 1281 3569 1286 3579; x_wconf 74' lang='grc'><strong>’</strong></span> 
     </span>
     <span class='ocr_line' id='line_1_30' title="bbox 137 3693 1226 3804; baseline 0.001 -39"><span class='ocrx_word' id='word_1_210' title='bbox 137 3702 213 3766; x_wconf 88' lang='lat' dir='ltr'>tum</span> <span class='ocrx_word' id='word_1_211' title='bbox 229 3695 384 3792; x_wconf 75' lang='lat' dir='ltr'>quidem</span> <span class='ocrx_word' id='word_1_212' title='bbox 398 3696 622 3804; x_wconf 72' lang='lat' dir='ltr'>cniectione</span> <span class='ocrx_word' id='word_1_213' title='bbox 633 3703 778 3768; x_wconf 86' lang='lat' dir='ltr'>enotata</span> <span class='ocrx_word' id='word_1_214' title='bbox 786 3693 991 3789; x_wconf 79' lang='lat' dir='ltr'>intelligere</span> <span class='ocrx_word' id='word_1_215' title='bbox 1008 3693 1094 3764; x_wconf 87' lang='lat' dir='ltr'>licet</span> <span class='ocrx_word' id='word_1_216' title='bbox 1104 3722 1121 3783; x_wconf 65' lang='grc' dir='ltr'>ς,</span> <span class='ocrx_word' id='word_1_217' title='bbox 1133 3693 1226 3766; x_wconf 90' lang='lat' dir='ltr'>alter</span> 
     </span>
     <span class='ocr_line' id='line_1_31' title="bbox 138 3811 1224 3921; baseline 0.002 -33"><span class='ocrx_word' id='word_1_218' title='bbox 138 3824 173 3888; x_wconf 87' lang='lat' dir='ltr'>et</span> <span class='ocrx_word' id='word_1_219' title='bbox 187 3819 313 3895; x_wconf 85' lang='lat' dir='ltr'>tertius</span> <span class='ocrx_word' id='word_1_220' title='bbox 330 3817 523 3906; x_wconf 81' lang='lat' dir='ltr'>chartacei,</span> <span class='ocrx_word' id='word_1_221' title='bbox 558 3827 595 3892; x_wconf 89' lang='lat' dir='ltr'>et</span> <span class='ocrx_word' id='word_1_222' title='bbox 626 3817 754 3912; x_wconf 81' lang='lat' dir='ltr'>exigui</span> <span class='ocrx_word' id='word_1_223' title='bbox 784 3839 871 3889; x_wconf 87' lang='lat' dir='ltr'>usus</span> <span class='ocrx_word' id='word_1_224' title='bbox 903 3829 940 3889; x_wconf 88' lang='lat' dir='ltr'>et</span> <span class='ocrx_word' id='word_1_225' title='bbox 973 3811 1224 3921; x_wconf 72' lang='lat' dir='ltr'>auctoritati83</span> 
     </span>
     <span class='ocr_line' id='line_1_32' title="bbox 139 3927 1228 4030; baseline -0.001 -27"><span class='ocrx_word' id='word_1_226' title='bbox 139 3932 264 4004; x_wconf 81' lang='lat' dir='ltr'>tertius</span> <span class='ocrx_word' id='word_1_227' title='bbox 273 3955 363 4005; x_wconf 91' lang='lat' dir='ltr'>cum</span> <span class='ocrx_word' id='word_1_228' title='bbox 376 3927 517 4030; x_wconf 82' lang='lat' dir='ltr'>Aldino</span> <span class='ocrx_word' id='word_1_229' title='bbox 542 3929 744 4028; x_wconf 85' lang='lat' dir='ltr'>exemplari</span> <span class='ocrx_word' id='word_1_230' title='bbox 767 3928 859 4001; x_wconf 89' lang='lat' dir='ltr'>adeo</span> <span class='ocrx_word' id='word_1_231' title='bbox 888 3928 1083 4026; x_wconf 87' lang='lat' dir='ltr'>conspirat,</span> <span class='ocrx_word' id='word_1_232' title='bbox 1114 3929 1156 4002; x_wconf 76' lang='lat' dir='ltr'>tit</span> <span class='ocrx_word' id='word_1_233' title='bbox 1173 3930 1228 4002; x_wconf 93' lang='lat' dir='ltr'>in-</span> 
     </span>
     <span class='ocr_line' id='line_1_33' title="bbox 137 4041 1278 4136; baseline 0 -22"><span class='ocrx_word' id='word_1_234' title='bbox 137 4042 281 4117; x_wconf 76' lang='lat' dir='ltr'>tendum</span> <span class='ocrx_word' id='word_1_235' title='bbox 324 4042 583 4130; x_wconf 85' lang='lat' dir='ltr'>dubitaverim,</span> <span class='ocrx_word' id='word_1_236' title='bbox 625 4067 672 4114; x_wconf 88' lang='lat' dir='ltr'>cn</span> <span class='ocrx_word' id='word_1_237' title='bbox 708 4041 797 4114; x_wconf 87' lang='lat' dir='ltr'>inde</span> <span class='ocrx_word' id='word_1_238' title='bbox 837 4041 1077 4136; x_wconf 83' lang='lat' dir='ltr'>transcriptus</span> <span class='ocrx_word' id='word_1_239' title='bbox 1121 4051 1225 4114; x_wconf 83' lang='lat' dir='ltr'>esset.</span> <span class='ocrx_word' id='word_1_240' title='bbox 1275 4089 1278 4094; x_wconf 92' lang='lat'>-</span> 
     </span>
     <span class='ocr_line' id='line_1_34' title="bbox 138 4149 1228 4252; baseline -0.004 -23"><span class='ocrx_word' id='word_1_241' title='bbox 138 4149 283 4229; x_wconf 81' lang='lat' dir='ltr'>Priores</span> <span class='ocrx_word' id='word_1_242' title='bbox 299 4150 376 4228; x_wconf 86' lang='lat' dir='ltr'>duo</span> <span class='ocrx_word' id='word_1_243' title='bbox 389 4154 579 4252; x_wconf 82' lang='lat' dir='ltr'>Olympia,</span> <span class='ocrx_word' id='word_1_244' title='bbox 608 4156 736 4229; x_wconf 77' lang='lat' dir='ltr'>tertius</span> <span class='ocrx_word' id='word_1_245' title='bbox 753 4153 929 4252; x_wconf 76' lang='lat' dir='ltr'>Olympia</span> <span class='ocrx_word' id='word_1_246' title='bbox 940 4163 977 4226; x_wconf 85' lang='lat' dir='ltr'>et</span> <span class='ocrx_word' id='word_1_247' title='bbox 992 4151 1126 4250; x_wconf 74' lang='lat' dir='ltr'>Pythia</span> <span class='ocrx_word' id='word_1_248' title='bbox 1142 4149 1228 4228; x_wconf 83' lang='lat' dir='ltr'>c&#39;on-</span> 
     </span>
     <span class='ocr_line' id='line_1_35' title="bbox 139 4264 1224 4369; baseline 0 -33"><span class='ocrx_word' id='word_1_249' title='bbox 139 4266 287 4340; x_wconf 87' lang='lat' dir='ltr'>tinebat.</span> <span class='ocrx_word' id='word_1_250' title='bbox 342 4264 554 4369; x_wconf 71' lang='lat' dir='ltr'>fragmenti</span> <span class='ocrx_word' id='word_1_251' title='bbox 580 4266 826 4342; x_wconf 70' lang='lat' dir='ltr'>Bibliothecae</span> <span class='ocrx_word' id='word_1_252' title='bbox 852 4265 1112 4362; x_wconf 79' lang='lat' dir='ltr'>Augustanaea</span> <span class='ocrx_word' id='word_1_253' title='bbox 1130 4265 1224 4337; x_wconf 87' lang='lat' dir='ltr'>Dav.</span> 
     </span>
     <span class='ocr_line' id='line_1_36' title="bbox 138 4374 1226 4478; baseline -0.007 -25"><span class='ocrx_word' id='word_1_254' title='bbox 138 4379 359 4454; x_wconf 74' lang='lat' dir='ltr'>Hooschelio</span> <span class='ocrx_word' id='word_1_255' title='bbox 371 4380 494 4474; x_wconf 83' lang='lat' dir='ltr'>opllati</span> <span class='ocrx_word' id='word_1_256' title='bbox 506 4375 614 4454; x_wconf 82' lang='lat' dir='ltr'>lectio</span> <span class='ocrx_word' id='word_1_257' title='bbox 628 4377 675 4453; x_wconf 89' lang='lat' dir='ltr'>ad</span> <span class='ocrx_word' id='word_1_258' title='bbox 691 4401 839 4478; x_wconf 86' lang='lat' dir='ltr'>parvam</span> <span class='ocrx_word' id='word_1_259' title='bbox 861 4378 1100 4475; x_wconf 88' lang='lat' dir='ltr'>Pythicorum</span> <span class='ocrx_word' id='word_1_260' title='bbox 1119 4374 1226 4472; x_wconf 85' lang='lat' dir='ltr'>parti-</span> 
     </span>
    </p>

    <p class='ocr_par' dir='ltr' id='par_1_9' title="bbox 223 4537 865 4583">
     <span class='ocr_line' id='line_1_37' title="bbox 223 4537 865 4583; baseline 0.003 -3"><span class='ocrx_word' id='word_1_261' title='bbox 223 4537 299 4583; x_wconf 75' lang='lat' dir='ltr'>vol..</span> <span class='ocrx_word' id='word_1_262' title='bbox 316 4539 341 4583; x_wconf 86' lang='lat'>1.</span> <span class='ocrx_word' id='word_1_263' title='bbox 555 4543 562 4556; x_wconf 84' lang='lat'><em>&#39;</em></span> <span class='ocrx_word' id='word_1_264' title='bbox 686 4540 702 4581; x_wconf 80' lang='lat' dir='ltr'>c</span> <span class='ocrx_word' id='word_1_265' title='bbox 852 4547 865 4576; x_wconf 71' lang='lat' dir='ltr'><em>a</em></span> 
     </span>
    </p>
   </div>
   <div class='ocr_carea' id='block_1_3' title="bbox 0 0 1464 4834">
    <p class='ocr_par' dir='ltr' id='par_1_10' title="bbox 0 0 1464 4834">
     <span class='ocr_line' id='line_1_38' title="bbox 0 0 1464 4834; baseline 0 0"><span class='ocrx_word' id='word_1_266' title='bbox 0 0 1464 4834; x_wconf 95' lang='lat' dir='ltr'> </span> 
     </span>
    </p>
   </div>
  </div>
 </body>
</html>
