2892 4834
176 407 180 417 ·
232 374 350 453 xxxviii
611 371 923 443 PRAEFATIO.

118 552 120 556 ,
233 588 348 658 partem
363 576 499 635 codicum
521 577 577 635 sub
605 578 669 654 ipsa
692 580 897 657 typographia
922 581 1056 639 invente
1084 586 1221 658 tempore
1244 582 1314 643 mi.

232 682 316 751 ptam
330 688 393 729 esse
408 688 471 729 non
483 671 616 729 obscuris
631 672 751 730 indiciis
764 680 890 731 coastat.
929 672 1045 731 Mem
1068 680 1215 750 tanssm
1235 684 1315 735 tren

133 774 137 781 ’
232 768 340 825 sitione
354 764 484 834 fastand
499 766 644 833 codicem,
654 766 706 841 qui
720 782 818 841 nuper
832 767 920 824 nobis
931 766 1050 825 oblatus
1063 778 1119 837 est,
1133 768 1315 829 deducemur

232 860 333 936 paucis
347 858 583 917 describendum.

272 950 342 1008 Non
355 951 475 1025 quidem
488 952 524 1009 iis
538 950 575 1009 de
588 949 724 1007 codicum
737 957 825 1009 aetate
838 945 973 1022 judiciis,
986 968 1056 1027 quta
1075 952 1170 1030 vulgo
1182 954 1215 1011 io
1225 952 1316 1011 libra·

231 1044 282 1103 riis
303 1045 473 1103 recensibus
490 1042 637 1113 feruntur,
659 1042 790 1101 multum
811 1045 991 1103 tribuimus:
1018 1062 1083 1103 esse
1095 1039 1198 1104 tameo
1212 1064 1317 1107 recem

229 1138 319 1196 tiores
332 1138 449 1197 Pindari
462 1137 577 1195 codices
596 1154 711 1206 omnes,
726 1138 841 1212 liquido
854 1150 986 1214 apparet.

221 1300 233 1312 q
269 1234 405 1292 Medicea
426 1246 537 1287 novem
560 1230 684 1305 scriptos
707 1230 825 1288 codices
848 1233 949 1300 habet,
970 1252 1045 1309 quos
1067 1252 1086 1291 a
1103 1230 1258 1289 Bandinio
1281 1230 1315 1290 V,

229 1328 277 1388 Cl.
297 1329 329 1385 in
353 1323 500 1399 Catslogo
514 1322 607 1380 Codd.
633 1322 711 1381 Bibl.
728 1322 836 1382 Medic.
861 1334 934 1383 tom.
959 1327 990 1383 ii.
1018 1345 1046 1402 p.
1069 1326 1120 1385 st.
1147 1324 1214 1383 128.
1243 1324 1313 1386 178:

231 1424 300 1481 195.
333 1420 399 1481 196.
429 1420 494 1480 197.
522 1415 590 1477 902.
620 1415 791 1479 abacos.
830 1430 1080 1479 commemoratos
1106 1419 1207 1477 videre
1234 1419 1315 1501 licet.

228 1518 343 1575 Omnes
365 1523 436 1573 sunt
458 1515 643 1580 recentiores,
666 1521 696 1570 et
716 1514 850 1589 plerique
870 1515 1078 1574 voluminibus
1099 1515 1206 1572 iisdem
1226 1514 1316 1588 plura

228 1604 296 1679 ali'a,
313 1628 340 1668 v.
355 1626 380 1667 c.
392 1607 552 1683 Euripidis,
566 1606 691 1663 Hesiodi
706 1615 762 1664 etc.
775 1607 1025 1682 complectuntur.
1054 1606 1311 1680 QuetuorOlym·

226 1708 277 1783 pia
291 1710 407 1761 tantum
422 1719 490 1759 cum
512 1700 632 1759 scholiis
646 1698 800 1768 exhibent,
816 1701 888 1758 Sec.
910 1703 971 1759 xiv.
984 1720 1035 1759 xv.
1048 1702 1110 1759 xvi!
1123 1700 1237 1774 scripti,
1258 1699 1311 1755 iis·
1334 1751 1338 1756 .

226 1818 284 1876 que
298 1795 456 1862 chartacei,
473 1812 534 1851 uno
548 1793 729 1869 bombycino
743 1802 876 1869 excepto.
918 1794 1062 1870 Olympia
1074 1802 1104 1850 et
1118 1792 1226 1869 Pythis
1237 1791 1310 1857 duo,

225 1892 298 1951 flaec.
310 1890 370 1947 xiv.
384 1888 495 1963 scripti,
506 1886 583 1943 alter
592 1886 712 1961 quidem
726 1886 934 1960 bombycinus,
946 1904 1015 1945 cum
1025 1886 1146 1944 scholiis
1157 1892 1188 1942 et
1200 1885 1311 1962 glossis

185 2058 186 2065 ἵ
224 1982 476 2048 interlinearibus,
491 1980 542 2037 sed
556 1982 590 2036 in
604 1978 691 2054 Pyth.
713 1980 822 2053 quinte
835 1979 986 2039 deficiens.
1027 1980 1155 2037 Restant
1170 1979 1242 2046 duo,
1255 1978 1311 2053 qui

224 2096 294 2138 cum
319 2075 469 2149 Olympiis
493 2081 523 2130 et
551 2072 666 2147 Pythiis
687 2073 778 2129 ctiam
796 2071 911 2130 Nemea
930 2083 960 2131 et
980 2073 1110 2136 lstbmia
1129 2072 1309 2129 oontlsentr

225 2172 299 2230 olter
324 2166 569 2225 membranaceus
598 2164 670 2221 Sacc.
695 2163 757 2220 xvi.
782 2164 848 2222 sine
875 2168 1012 2234 Scholiis,
1037 2168 1113 2233 aiter
1136 2166 1310 2223 chartmmu

176 2304 180 2311 ·
225 2266 298 2323 Sec.
311 2260 371 2318 xiv.
395 2275 464 2315 cum
488 2256 619 2322 scholiis,
639 2270 706 2331 quas
722 2258 875 2331 usquead
899 2258 991 2317 finem
1018 2260 1134 2317 ultime
1153 2256 1309 2315 Isthmiost

224 2354 400 2434 procedunt,
415 2358 539 2425 uterque
553 2366 620 2407 oum
635 2366 664 2407 x.
678 2350 825 2418 versibus,
847 2351 884 2408 de
905 2352 1014 2426 quibus
1036 2370 1063 2409 r.
1079 2353 1117 2411 ad
1133 2350 1205 2407 calc.
1225 2346 1308 2405 lsth·
1431 2359 1432 2362 ’

223 2450 362 2509 miorum.
403 2440 543 2516 Subiecta
562 2444 693 2503 Pindaro
707 2451 780 2502 suut
799 2447 831 2503 in
855 2456 980 2523 utroque
999 2444 1243 2504 volumineelia:
1272 2444 1308 2502 in

223 2544 276 2601 illo
294 2536 415 2597 Hesiodi
429 2542 562 2611 operest
576 2536 657 2608 dies,
681 2537 713 2595 io
730 2537 787 2595 boc
796 2538 984 2609 Theocritus,
999 2539 1179 2615 Lycophron
1193 2545 1226 2595 at
1237 2536 1308 2595 elia.

222 2636 271 2694 lix
284 2632 426 2691 omnibus
439 2630 486 2687 his
500 2630 585 2689 codd.
603 2631 709 2689 saltam
723 2631 831 2690 ultimo
844 2634 911 2691 loco
924 2640 1125 2691 memoratum
1139 2631 1307 2690 accuratius

221 2730 386 2803 inspectum
397 2740 462 2781 esse
474 2725 593 2783 vellem.
1020 2748 1024 2753 ‚

260 2810 464 2879 ln'Vaticsna
473 2819 602 2894 primum
616 2817 740 2879 Pindari
747 2819 968 2897 Olympiacam
980 2819 1112 2885 scholiis,
1124 2824 1190 2874 tum
1199 2814 1306 2874 eedem

220 2917 285 2975 sine
298 2914 441 2987 scholiis;
471 2914 573 2972 decem
594 2913 674 2972 Odas
691 2916 807 2991 (nescio
827 2932 867 2972 an
888 2911 1113 2990 Olympiorum)
1128 2928 1199 2968 cum
1209 2908 1304 2967 sobo·

218 3010 266 3068 liis
278 3034 286 3080 ς
310 3023 398 3083 porro
410 3008 564 3085 integrum
579 3006 744 3067 Pindarum
758 3032 767 3080 ;
793 3018 860 3066 tum
873 3006 1076 3085 fragmentum
1090 3024 1129 3062 ex
1141 3002 1303 3061 bibliothe-

218 3120 254 3159 ca
268 3101 350 3161 Alex.
372 3100 509 3173 Patavii;
535 3097 633 3177 (cujus
647 3104 723 3160 alius
737 3102 832 3161 codex
845 3100 968 3159 Pindari
980 3101 1019 3158 sid
1042 3100 1082 3157 ls.
1105 3098 1247 3155 Vossium
1270 3102 1303 3152 et

218 3194 290 3250 hinc
303 3193 336 3248 in
356 3192 569 3251 bibliothecam
587 3192 764 3252 leidenaem
784 3196 935 3270 pervenit)
955 3212 1042 3269 porro
1065 3190 1189 3249 Pindari
1202 3202 1303 3263 'opaca

217 3302 287 3344 cum
299 3298 398 3343 vetere
413 3286 587 3356 Scholiasta,
601 3304 618 3345 e
631 3287 767 3347 biblioth.
788 3288 916 3366 Βεςίηω
923 3288 1047 3354 Saecise,
1062 3284 1188 3344 Homeri
1196 3282 1302 3339 Bstsa·

216 3380 462 3455 chomyomachia
476 3390 506 3439 et
520 3380 585 3438 eliis
606 3375 741 3452 adjectis,
761 3389 925 3439 memorato
942 3380 1080 3441 ridemus
1102 3398 1122 3435 s
1143 3374 1300 3435 Montfau·

133 3473 136 3479 '
215 3474 323 3547 coni03
353 3481 383 3531 et
397 3474 429 3530 in
445 3473 625 3532 bibliotheca
645 3472 854 3534 Ottobonisna
868 3474 989 3531 Pindari
1009 3474 1143 3531 codicem
1167 3484 1231 3526 nou
1243 3484 1300 3523 sn·

213 3569 343 3644 tiquam
387 3566 435 3623 De
453 3566 596 3624 Palatinis
616 3566 700 3625 codd.
724 3584 814 3644 supra
833 3567 972 3626 vidimus.
1013 3567 1125 3625 Prseter
1145 3572 1206 3621 tres
1231 3560 1299 3617 illos

213 3668 335 3736 quartus
356 3660 387 3718 in
412 3659 588 3721 vaticanam
604 3660 704 3719 illatus
718 3678 782 3719 esse
805 3660 903 3731 debet,
917 3678 1009 3737 quem
1027 3660 1167 3737 Sylburg.
1192 3672 1224 3712 n.
1244 3653 1294 3711 99.

212 3753 396 3813 memoravi.
438 3752 608 3823 Florentio,
629 3762 737 3831 preter
750 3753 900 3813 Mediceos
916 3772 1005 3830 supra
1024 3756 1216 3814 memoratos,
1230 3743 1298 3801 bib·

247 3930 262 3963 θ
283 3928 382 3992 Scripsit
398 3928 544 3993 llisagsredus
560 3928 589 3977 ad
600 3946 641 3981 me
660 3929 747 3979 litteris
762 3947 786 3981 s.
812 3934 883 3983 1⁷⁷8.
898 3932 977 3981 datis:
999 3928 1051 3977 “In
1072 3930 1190 3983 Vallatus
1207 3928 1297 3985 biblic-

212 4004 281 4053 tbecs
301 4020 348 4053 uon
364 4006 466 4071 quinque
485 4008 521 4057 vel
543 4022 582 4055 aes
600 4007 692 4057 codices
709 4008 806 4059 Pludsri
823 4008 889 4057 Odes
905 4017 946 4057 sut
958 4023 1040 4057 omnes
1056 4020 1098 4057 sut
1112 4010 1202 4072 aliquas
1216 4008 1296 4057 conti·

212 4094 295 4131 stentes
312 4095 478 4145 asservantar3
506 4086 547 4133 sed
565 4085 661 4149 triginta
683 4086 785 4142 circiter,
801 4087 846 4136 nisi
866 4088 977 4139 nemoris
998 4102 1035 4135 me
1055 4086 1126 4149 iallit,
1147 4085 1223 4134 oculis
1239 4084 1294 4149 ipss

211 4160 268 4209 meis
287 4160 342 4215 olim
361 4159 418 4223 ridi,
436 4176 535 4225 quorum
553 4162 659 4211 nonnulli
678 4164 809 4229 perantiqui
825 4172 888 4221 aunt,
908 4164 951 4212 etsi
967 4163 1059 4213 decimo
1074 4164 1159 4213 uculo
1175 4161 1294 4227 posterio-

209 4250 255 4295 res,
265 4238 370 4303 plerique
386 4252 442 4287 sero
458 4236 498 4287 alil
508 4239 597 4289 seculis
606 4240 654 4289 sis.
669 4248 694 4289 et
704 4240 863 4290 xv.exmai.·
888 4240 962 4291 Porro
977 4242 1004 4292 io
1014 4240 1166 4292 Bibliotheca
1172 4238 1294 4308 dapsiles
