2892 4834
531 344 839 464 eumancio.
969 372 974 380 -
1144 299 1227 411 nn‘i

134 558 184 601 vus
198 540 435 615 redhibuerunt3
460 562 554 607 novas
566 556 618 607 aut
633 547 771 607 meliores
780 548 926 605 lectiones
938 562 1007 623 quse
1020 546 1143 605 fortuna
1153 564 1221 621 pro·

135 628 327 712 pitiaofferre
338 638 443 713 possit,
461 657 522 697 non
538 641 637 701 video.

171 732 221 791 lto
233 748 355 807 quoque
366 732 428 792 vidi
443 752 504 792 rem
519 753 550 793 se
566 737 675 795 habere
690 738 722 795 in
739 738 805 794 aliis
825 716 993 802 codicibus,
1014 752 1142 809 quornm
1164 744 1217 791 aut

134 826 222 885 lectio
233 828 366 897 varians,
380 838 432 887 aut
445 832 611 907 specimina
625 832 662 889 ad
678 850 727 889 me
742 832 834 888 missa
847 837 917 887 sust
930 829 1117 917 humanitate
1140 830 1220 886 viro-

136 936 200 977 rum
215 920 383 990 doctorum,
396 940 522 998 quorum
539 927 663 983 nomina
677 925 800 984 honoris
815 940 920 990 caussa
934 918 1061 997 appono.

175 1014 311 1073 uarietas
324 1017 461 1077 reasons
482 1020 601 1081 seoda
615 1020 693 1079 binis
708 1004 870 1075 eamn
884 1018 956 1073 Sec.
969 1034 1019 1073 xv.
1033 1016 1221 1074 bibliotheca

86 1134 93 1149 s
135 1106 293 1181 synodalis
306 1108 497 1185 Mosquensis
511 1110 632 1169 Pindari
646 1111 791 1187 Olympia
804 1109 976 1185 complexis.
1027 1108 1111 1166 Prior
1124 1112 1221 1167 varios

136 1198 210 1257 alios
238 1199 356 1259 libellos
376 1206 512 1279 poeticos
539 1206 687 1271 continet,
709 1204 784 1261 aiter
810 1204 924 1260 scholis
950 1202 1041 1259 habet
1065 1199 1220 1275 adjuncto:

135 1296 159 1325 “
172 1298 306 1351 auctores
316 1294 502 1355 Scholiorum
512 1303 656 1355 notantur·
664 1294 881 1370 Moschopulns
889 1303 919 1353 et
927 1294 1059 1353 Thomas
1069 1296 1222 1374 Magister.

136 1384 220 1443 “Ex
234 1386 343 1446 horum
355 1389 475 1447 scholiis
489 1390 678 1465 intelligitur,
693 1388 839 1446 multaab
853 1390 927 1463 ipsis
947 1390 982 1447 iu
996 1395 1139 1447 contextu
1154 1406 1221 1447 mu·

18 1522 20 1549 7
138 1483 619 1557 “namproptermetrums
664 1522 670 1539 ,

175 1571 201 1629 Α
212 1572 251 1631 V.
265 1574 300 1631 C.
319 1572 338 1629 J
341 1593 369 1633 o.
385 1574 488 1650 ¹llloys.
499 1571 778 1650 Martyni·Laguua
790 1575 872 1655 varia
884 1574 974 1631 lectio
985 1574 1072 1632 docte
1084 1582 1115 1631 et
1128 1575 1222 1653 subti-

136 1666 205 1725 liter
220 1676 369 1745 excerpta,
384 1688 421 1727 ex
436 1670 619 1752 Fragments
631 1668 719 1745 Olym
724 1687 752 1744 p.
769 1670 866 1729 x-xiv.
887 1670 967 1744 quod
987 1671 1019 1727 in
1043 1670 1223 1730 bibliotheca

140 1756 355 1824 Zuickavieusi
369 1770 513 1821 servatur.
672 1822 682 1853 ο

175 1850 299 1911 Variam
313 1855 474 1915 lectionem
489 1854 630 1913 carminis
645 1854 801 1930 liolymp.
823 1854 936 1914 ecotd.
955 1854 1120 1914 Marcianis
1141 1854 1219 1914 Vsu.
1243 1849 1247 1853 ’

133 1939 198 2015 jem
211 1962 303 2023 supro
316 1948 559 2035 commemoravi.

173 2037 202 2095 ll
214 2042 423 2099 recentissimis
435 2049 480 2099 est
490 2040 584 2099 codex
594 2040 765 2097 chartaceus
774 2041 848 2099 olim
856 2040 1046 2101 bibliothecae
1054 2038 1221 2115 Rostgoor·

18 2160 19 2201 3
134 2132 258 2202 diensis,
271 2152 352 2191 nunc
365 2134 554 2195 bibliothecas
571 2134 674 2209 Regio
691 2130 877 2202 liciniensis,
893 2153 910 2191 e
923 2151 990 2209 quo,
996 2133 1147 2207 specimen
1161 2130 1222 2187 lec-

18 2280 20 2297 ,
135 2224 226 2283 tionis
242 2245 303 2299 ver.
315 2226 407 2285 trium
414 2228 546 2302 priorum
559 2226 826 2284 carminantem.
839 2228 876 2285 sd
889 2244 938 2285 me
948 2226 1032 2283 misit
1041 2224 1077 2283 B.
1091 2224 1130 2281 G.
1150 2222 1223 2281 Nie-

18 2318 19 2377 ]
134 2316 223 2391 buhr,
236 2319 372 2379 Carstcni
384 2319 473 2389 lilius,
488 2315 573 2391 cujus
588 2318 713 2395 ingenio
725 2327 755 2377 et
768 2320 867 2379 studio
880 2320 1005 2378 mirifice
1013 2327 1079 2378 tum
1091 2319 1220 2405 delectu-

18 2464 19 2473 ,
135 2408 197 2469 bar.
238 2411 383 2471 Continet
396 2412 549 2489 Olympia,
563 2412 615 2471 sed
628 2430 748 2470 carmen
760 2414 821 2471 xiv.
834 2414 943 2473 delicit.
988 2424 1000 2435 “

173 2502 260 2563 Altus
274 2506 377 2583 Codex
388 2506 569 2574 chartaceus,
578 2507 743 2581 quaternis,
754 2506 850 2566 nitide
862 2509 1000 2583 scriptus,
1012 2526 1030 2565 e
1040 2506 1224 2565 bibliotheca

135 2594 231 2655 onas
254 2598 395 2659 Sereniss.
413 2596 572 2657 Brunsuic.
593 2598 868 2675 Guelpherbytane‚
892 2618 981 2677 quem
1002 2598 1224 2675 inspiciendum

136 2690 211 2751 mihi
238 2693 348 2751 eximia
370 2708 439 2750 eum
463 2690 608 2750 facilitate
632 2692 780 2751 concessit
804 2693 1012 2753 meritissimae
1033 2692 1223 2751 bibliothecas

18 2834 20 2845 .
135 2786 304 2863 prefectus,
318 2782 394 2844 Em
416 2784 517 2844 Theoti.
533 2783 664 2860 hunger:
690 2785 903 2846 eratilleolim
917 2786 985 2846 Nic.
998 2784 1128 2846 Heinsio
1141 2784 1222 2843 dono

18 2872 20 2899 ¹
139 2881 246 2939 missus
261 2880 399 2939 aCarolo
412 2878 496 2937 Dati.
539 2876 756 2974 complectitur
769 2878 951 2956 Olympiuet
964 2878 1080 2953 Pythia.
1195 2951 1198 2955 .

177 2973 256 3039 Quae
268 2976 367 3035 ex'his
388 2994 422 3033 ac
437 2974 584 3033 similibus
607 2981 777 3043 enotontur,
801 2984 874 3034 sont
895 2982 1011 3033 tantum
1031 2991 1093 3031 non
1115 2972 1220 3031 omnia

18 3040 20 3115 i
137 3070 295 3129 canentes
308 3069 470 3148 eneglecta
487 3068 625 3136 dialecto,
640 3084 782 3127 veranum
796 3070 920 3128 modulo
933 3068 1072 3145 longiore
1088 3082 1141 3125 seu
1152 3064 1220 3124 bre·

136 3162 227 3236 visre,
242 3164 363 3227 insertis
375 3160 425 3222 vel
439 3148 558 3221 omissis
570 3159 728 3238 particulis
740 3160 780 3239 ts,
794 3184 843 3246 γι,
858 3186 901 3243 rs,
913 3170 944 3225 et
960 3160 1119 3223 similibus.
