2892 4834
211 377 235 420 ι
602 328 902 421 ruerurro.

214 539 657 636 fflvusuononiae,
684 539 810 614 Abbus
834 537 1024 635 generalis,
1049 523 1096 611 ad
1121 533 1296 609 meliores
1429 561 1430 570 κ

214 652 303 726 abiit
319 651 559 760 neo'patrium
587 673 692 724 suam
716 654 821 726 novis
845 651 953 724 rebus
980 650 1162 731 turbatam
1187 646 1290 731 vidit,
1430 645 1432 658 ’

191 787 195 812 ¹
214 784 301 850 cum
319 763 411 856 ejus,
430 759 594 858 iuquam,
612 759 746 835 duetus
762 763 961 836 litterarum
980 762 1053 834 siut
1069 759 1204 834 minuti
1220 757 1293 829 leo-
1429 779 1432 804 ¹

214 881 334 970 tuque
358 872 537 958 difficiles,
564 895 732 948 meomm
755 883 876 948 autem
903 874 1094 947 oculorum
1110 895 1152 944 ea
1169 872 1215 942 sit
1230 867 1294 941 de·
1430 869 1432 912 ³

214 987 345 1072 bilitas,
366 982 495 1058 utnon
512 986 582 1058 nisi
601 1002 736 1081 magno
752 973 980 1078 cumdolore
997 983 1180 1056 intentiori
1197 980 1293 1053 visui

112 1175 115 1180 ,
213 1097 448 1193 indulgeam:
474 1119 551 1168 uou
559 1097 718 1170 licuiteo
730 1106 892 1194 tempore
902 1097 1008 1194 plura
1018 1104 1166 1179 tentore,
1179 1115 1294 1188 quam
1432 1129 1433 1138 κ

212 1217 256 1282 ut
275 1207 632 1304 schedulassparou
645 1231 687 1280 ac
711 1209 847 1280 solutas
871 1208 1081 1304 colligerem
1099 1203 1296 1298 acdigero

213 1327 308 1406 rem,
321 1319 890 1414 etpotioraquoeseofferebaut,
903 1337 1149 1414 excerperem.
1183 1314 1296 1388 Nunc

212 1453 302 1526 opes
325 1431 406 1503 illas
426 1429 466 1503 in
487 1429 709 1504 bibliotheca
724 1413 847 1503 nostri
861 1429 1068 1503 academica
1083 1427 1242 1526 reposui,
1259 1434 1297 1498 et

210 1541 372 1620 aliorum
389 1541 519 1614 usibus
534 1541 682 1637 reliqui.

260 1651 377 1740 Nan,
393 1675 482 1726 cum
499 1654 561 1739 ita,
580 1664 622 1726 ut
642 1652 738 1739 dixi,
762 1653 1003 1750 ambigerem,
1022 1662 1068 1738 et,
1087 1659 1129 1722 ut
1143 1649 1222 1723 fieri
1239 1671 1297 1720 so-

213 1764 266 1838 let
281 1764 322 1837 iu
342 1764 401 1852 iis,
416 1764 556 1860 quibus
572 1787 648 1838 uou
670 1765 757 1836 satis
779 1765 1014 1848 confidimus,
1032 1761 1122 1835 dum
1148 1763 1297 1834 animus

52 1901 58 1912 ·
186 1921 189 1928 ·
213 1875 364 1971 refugit,
379 1897 458 1948 rem
476 1897 524 1947 ex
539 1873 659 1950 dieiu
674 1873 774 1948 diem
800 1877 1111 1972 procrastinarem,
1129 1883 1165 1944 et
1180 1881 1298 1945 metra

212 1985 434 2069 mentienda
460 1987 510 2058 iu·
526 1986 700 2079 ultimum
717 2007 841 2080 operae
857 1987 980 2058 locum
1001 1984 1207 2057 differrem:
1232 2007 1298 2080 op-

213 2106 370 2193 portune
394 2096 528 2176 evenit,
552 2104 595 2165 ut
617 2096 686 2166 viri
714 2093 928 2180 doctissimi,
954 2095 991 2167 G
1003 2117 1027 2166 o
1043 2117 1069 2166 u
1085 2116 1107 2164 o
1124 2117 1186 2165 ru
1201 2115 1227 2166 u
1239 2115 1297 2166 ur

216 2206 254 2278 H
269 2230 294 2277 u
306 2230 335 2276 a
353 2229 384 2278 ur
400 2228 426 2276 u
444 2227 469 2276 u
484 2227 550 2289 ur,
567 2203 665 2276 liber
674 2203 723 2279 de
734 2207 866 2309 metris
876 2204 1103 2280 Groecorum
1113 2203 1296 2300 prodiret:
1378 2282 1384 2293 ,

79 2289 97 2397 ’,
190 2391 193 2396 ,
215 2316 255 2387 iu
271 2338 348 2412 quo
371 2313 542 2388 videbam
559 2337 647 2388 eum
665 2318 715 2389 ita
730 2315 927 2414 disputare,
947 2325 987 2388 ut
1003 2337 1131 2388 omues
1147 2323 1230 2386 aute
1244 2337 1297 2400 sc,

214 2428 336 2500 emm·
352 2424 634 2520 Miugareliuru,
650 2417 860 2524 superare&
888 2449 1010 2525 neque
1035 2447 1113 2500 esse
1128 2427 1258 2513 alium,
1275 2449 1300 2498 a
1436 2423 1437 2428 ’

215 2560 293 2634 quo
317 2536 496 2632 expositio
522 2546 724 2610 metrorum
752 2538 1033 2612 Pindarioorum
1051 2547 1126 2610 tum
1144 2537 1299 2609 feliciter
1363 2537 1369 2548 '

212 2647 358 2722 uacari
373 2647 498 2742 possit.
525 2647 683 2722 Videbar
699 2673 800 2722 nuuc
818 2648 910 2722 mihi
928 2658 1049 2722 actum
1065 2671 1175 2744 agere
1190 2648 1296 2735 veile,

212 2760 245 2831 si
268 2767 352 2854 post
375 2779 430 2842 eu,
447 2779 535 2853 quse
550 2760 598 2831 ab
611 2759 691 2857 ipso
703 2759 891 2858 proposita
906 2767 1018 2846 eraut,
1031 2758 1175 2856 aliquid
1191 2778 1299 2830 cono-

168 2919 173 2924 ψ
214 2892 291 2956 rer;
316 2867 462 2963 fuitque
492 2867 656 2942 Pindaro
677 2871 827 2942 fortuna
852 2879 925 2942 tum
956 2871 1126 2967 propitia,
1141 2880 1193 2956 ut,
1210 2892 1298 2944 cum

212 2999 303 3052 eum
316 2977 446 3050 litteris
457 2977 644 3068 adiissem,
657 2980 769 3052 vellet
785 2975 823 3054 iu
836 2989 956 3076 partes
969 2979 1090 3077 operae
1108 2981 1147 3052 iu
1166 2979 1300 3054 Pinda-

214 3111 257 3162 ro
282 3087 471 3160 collocatae
495 3091 630 3175 venire,
648 3101 686 3164 ot
701 3115 781 3164 rem
799 3093 908 3188 iunge
930 3092 1187 3164 difficillimam
1203 3091 1243 3162 in
1260 3110 1300 3163 se

214 3196 389 3294 recipere,
413 3197 587 3295 precibus
606 3201 669 3274 ille
693 3205 787 3274 meis
801 3203 926 3276 locum
947 3201 1192 3297 relinqueret;
1219 3225 1300 3299 pos-

214 3309 330 3385 tulavi
348 3331 499 3404 quoque
511 3306 581 3382 h'oc
596 3310 645 3383 ab
661 3335 716 3398 eo,
732 3321 784 3398 ut,
794 3333 884 3410 cum
900 3335 948 3386 ex
965 3311 1053 3408 ipsis
1066 3313 1190 3385 metris
1201 3321 1300 3386 recte

212 3419 418 3497 constitutis
446 3440 541 3494 nova
573 3422 717 3496 critices
753 3425 904 3498 materia
938 3423 1164 3522 suppetitura
1195 3433 1298 3512 esset,

130 3617 137 3624 ι
216 3526 400 3628 quioquid
415 3553 437 3604 e
453 3529 630 3606 doctrinm
647 3537 764 3632 copiis
779 3545 844 3608 aut
858 3535 1000 3632 ingenii
1024 3535 1198 3628 acumine
1213 3534 1300 3607 affe-

214 3640 374 3721 rendum
386 3639 548 3730 haberet,
564 3643 726 3720 Pindaro
743 3649 945 3744 impertiret
958 3679 966 3734 ;
993 3669 1090 3720 ame
1107 3646 1206 3718 euim
1222 3667 1299 3718 nou

214 3773 349 3839 ursam,
373 3754 438 3828 sed
464 3753 615 3838 Pindari
633 3781 799 3832 caussam
818 3769 855 3832 et
868 3759 1107 3832 commodum
1134 3759 1173 3831 in
1194 3764 1302 3844 ¹omni·

214 3861 285 3938 hoo
302 3869 450 3960 negotio
465 3861 632 3966 spectari}
685 3872 781 3950 Quae
806 3869 1115 3970 quampraeclara
1144 3870 1191 3943 ab
1217 3869 1298 3966 ipso

214 3986 361 4070 peracta
382 3978 466 4064 siut,
492 3981 601 4057 docet
623 3981 900 4057 Commentatio
923 3983 970 4054 de
996 3983 1121 4055 metris
1147 3979 1298 4054 Pindari

215 4087 287 4160 voi.
304 4088 360 4162 iii.
378 4088 536 4176 inserta3
562 4093 681 4181 itaut,
699 4093 852 4181 riuull'a
867 4097 939 4168 ulia
955 4095 994 4166 in
1016 4118 1056 4167 re
1073 4095 1120 4168 de
1138 4091 1299 4170 Pindaro

166 4294 171 4307 1
215 4195 309 4276 uene
325 4202 537 4302 meruerim,
554 4204 648 4281 mihi
667 4205 750 4280 haec
769 4209 895 4285 saltem
917 4207 1034 4304 grstia
1050 4213 1194 4282 moueat
1209 4205 1301 4280 iute-
