2892 4834
141 369 156 378 ”
180 323 312 440 ssssn'
436 351 742 420 rnnrnrro.

27 564 28 581 ³
116 540 208 616 bam
223 537 604 640 paullo'audaciorem,
625 548 774 629 nactrrm
790 561 869 618 esse
889 545 1140 630 correctorem,
1154 555 1192 618 et

114 653 160 726 ad
176 653 266 724 banc
278 652 443 736 alteram,
471 653 597 725 relicta
611 654 745 751 priore,
776 676 861 749 quae
877 662 999 725 tamen
1031 647 1191 730 multum
1287 698 1290 704 ‚

27 788 28 819 ¹
117 769 263 864 praestat,
279 772 443 837 exaratas
468 787 545 836 esse
562 764 741 837 editiones
761 764 1025 860 Stephanianas
1036 773 1193 860 sequen-

27 938 28 965 ,
117 892 306 962 tssomues‚
317 876 427 948 etiam
440 873 560 948 Paulli
576 859 1020 973 Stephani'Genevensem
1030 881 1142 951 1599.
1152 881 1190 954 4.
1246 909 1248 915 ·

118 990 163 1061 At
187 981 499 1085 Stebbanioenam
544 989 714 1083 priorem
744 990 940 1086 repetitam
967 990 1131 1064 intellexi
1150 993 1198 1063 in

120 1100 640 1198 Plautino-Ropbelenyiano
672 1113 708 1175 et
743 1099 1060 1180 Commeliniana.
1115 1103 1193 1178 Ste-

117 1211 269 1311 pinnum
281 1223 406 1286 autem
422 1213 589 1309 suspicor
605 1215 793 1311 exemplar
813 1213 966 1310 quidem
1003 1213 1190 1287 Morellia-
1319 1266 1322 1278 .

117 1348 199 1397 num
214 1323 405 1397 tradidisse
422 1327 554 1419 operis,
565 1327 700 1422 passim
711 1334 834 1400 tamen
851 1323 945 1398 illud
961 1326 1056 1397 inter
1083 1326 1198 1398 inter
1278 1356 1284 1371 ·

117 1437 348 1532 pretationem
380 1435 559 1524 Latinam,
591 1461 703 1534 quam
737 1437 965 1522 conficiebat,
999 1436 1111 1516 modo
1144 1459 1209 1512 err.
1320 1495 1323 1502 .

27 1572 28 1633 ;
119 1544 363 1620 Cratandrina.
378 1555 415 1617 et
434 1545 584 1634 Aldina,
617 1546 741 1634 modo,
770 1549 960 1644 multoque
985 1549 1115 1643 magis,
1143 1557 1192 1621 ex

119 1657 256 1751 ingenio
272 1664 311 1728 et
325 1656 467 1729 ratione
484 1658 610 1731 critica
625 1659 874 1732 emendatum.
911 1709 917 1716 -

160 1767 399 1844 Schmidium
414 1770 565 1841 miratus
580 1793 663 1843 sum
681 1771 869 1866 Stephano
893 1771 1051 1866 seposito
1068 1793 1191 1845 exem·

116 1882 186 1978 plar
218 1881 506 1956 Cratandrinum
539 1881 751 1976 repetiisse3
783 1881 854 1952 hoc
885 1883 985 1954 enim
1001 1903 1088 1956 eum
1116 1883 1193 1954 suis
1228 1903 1232 1911 ’

117 1995 202 2067 curis
212 1993 435 2066 adornatum
450 2002 487 2065 et
501 1993 577 2066 suis
594 1991 913 2066 emendationibus
931 1992 1191 2090 interpolatum

115 2107 225 2204 operis
241 2104 444 2190 tradidisse,
455 2106 657 2178 multorum
666 2093 1201 2199 locorum.comparati0ne‘de‹'

115 2216 298 2311 prehendi.
353 2215 501 2290 Primus
517 2219 549 2289 is
579 2216 660 2303 luit,
680 2216 745 2312 qui
768 2225 851 2312 post
869 2214 1008 2287 Aldum
1025 2223 1062 2288 et
1079 2217 1192 2292 Calli·

113 2348 236 2423 ergom
252 2328 399 2400 codices
430 2329 584 2424 scriptos
616 2329 823 2424 inspiceret,
856 2337 928 2399 tres
955 2325 1140 2400 Palatinos
1156 2339 1196 2402 et
1311 2331 1312 2338 ’

113 2438 355 2534 fragmentum
373 2438 643 2534 Augustanum,
661 2439 862 2536 dequibus
891 2439 1017 2535 paullo
1035 2449 1126 2534 post,
1144 2440 1192 2514 de
1330 2420 1345 2504 .‘

113 2551 237 2623 ceteris
252 2559 377 2622 autem
391 2549 537 2644 scriptis
554 2550 734 2648 editisque
750 2559 901 2647 totoque
915 2545 1087 2648 apparatu
1101 2549 1192 2628 Pin-

112 2660 230 2734 darico
256 2660 408 2734 inferius
435 2661 615 2735 nonnulla
647 2661 845 2759 tradentur.
899 2661 982 2734 Hoc
999 2657 1081 2734 loco
1113 2687 1191 2738 mo-

113 2799 195 2848 nere
205 2777 292 2849 satis
309 2785 374 2862 est,
391 2776 512 2848 virum
528 2774 783 2848 doctissimum
800 2797 906 2847 suam
922 2774 1052 2870 poetae
1069 2800 1192 2852 recen-

114 2886 249 2959 sionem
258 2887 337 2959 fere
353 2895 467 2959 totam
495 2881 541 2960 a‘d
575 2887 732 2959 rationes
758 2887 936 2971 metricas,
952 2888 1120 2983 quamvis
1137 2889 1192 2964 lu·
1251 2973 1252 2980 ἵ

27 3036 28 3065 l
114 2999 227 3073 bricas
243 3011 280 3073 et
290 3005 391 3097 saepe
401 3025 531 3098 parum
549 3009 654 3086 tutas,
670 2999 856 3090 interdum
873 3002 982 3074 etiam
995 3003 1191 3076 manifeste

34 3155 40 3165 ·
113 3112 385 3198 commentitias,
414 3115 604 3208 exegiaee'3
630 3111 859 3192 constituisse
887 3121 1010 3185 tamen
1033 3113 1192 3209 plurime
1295 3117 1304 3134 '

27 3268 29 3345 ν
111 3225 269 3318 egregie,
284 3223 893 3321 acumenquealiquodetiamtum
903 3234 1192 3322 praestaremur

27 3392 28 3439 ,
103 3344 287 3438 judicium
303 3348 439 3420 mentis
454 3333 638 3422 sincerum
654 3355 691 3420 et
707 3349 840 3422 subtile
857 3347 1053 3425 desideres

27 3450 28 3509 l
157 3455 315 3552 Sequuti
331 3479 418 3531 eum
434 3468 520 3532 sunt
536 3457 784 3547 Osonienses,
802 3459 866 3532 sed
879 3483 1009 3557 parum
1027 3470 1194 3532 constan·

113 3577 183 3656 ter3
227 3593 316 3644 uam
348 3569 461 3647 modo
498 3571 532 3643 ei
565 3570 809 3660 adhaeserunt,
851 3595 937 3644 cum
971 3569 1193 3643 deserendus
1225 3651 1236 3668 .
1269 3587 1273 3595 ’
1330 3622 1332 3628 -

112 3693 219 3769 &eb
244 3681 357 3753 modo
371 3681 621 3769 deseruerunt,
641 3683 706 3756 ubi
735 3693 841 3756 acute
871 3682 934 3757 ille
952 3682 1193 3778 et'praeclare
1293 3753 1297 3761 ,
1420 3669 1421 3686 ’

112 3813 232 3863 reram
250 3792 445 3867 lectionem
475 3781 688 3870 restituerat.
735 3794 979 3889 Subjecerunt
1002 3792 1058 3865 illi
1071 3797 1192 3890 poetae
1286 3783 1318 3846 ss
1408 3853 1413 3876 ,

112 3903 243 3989 verbis,
260 3911 396 3998 praeter
408 3905 589 4000 subjectos
605 3931 627 3981 e
654 3905 846 3978 Schmidio
863 3907 978 3978 varias
1001 3904 1191 3992 lectiones,

109 4013 195 4086 alias
210 4038 232 4086 e
250 4014 461 4089 Bodleianis
477 4017 647 4117 quinque
662 4015 854 4092 codicibus
868 4025 1038 4103 enotatas,
1057 4017 1192 4114 quibus

109 4133 229 4197 tamen
245 4125 380 4198 dubito
393 4152 441 4200 an
458 4129 585 4204 nllain
599 4140 675 4209 toto
691 4138 799 4227 poeta
811 4128 920 4204 lectio
936 4127 1130 4203 emendato
1143 4126 1193 4199 sit

106 4245 169 4308 aut
183 4235 375 4310 emendari
388 4240 510 4338 possit
