2892 4834
240 299 300 393 ,aiv
663 315 971 386 rannnrro.
1078 411 1081 419 .

247 547 312 603 no
333 519 619 612 designaveram,
636 540 722 614 quae
736 526 856 589 tamen
877 518 958 590 aliis
980 527 1019 592 ut
1035 520 1252 616 perficerem
1272 543 1325 593 rn-

247 628 448 730 iinquenda
459 651 536 701 esse
558 628 751 712 ridebam
785 638 950 702 curatum
967 653 1063 702 ame
1074 639 1139 712 est,
1150 643 1192 702 ut
1206 630 1252 702 ad
1270 633 1322 702 ui-

116 739 120 754 '
248 746 380 821 terion
405 739 643 836 pergentibus
673 740 734 811 via
758 740 806 811 sit
833 740 1050 836 expeditior,
1093 739 1324 816 S'choiiorom

245 879 396 958 quoque
427 876 497 927 usu
523 875 623 926 nnnc
649 877 673 924 a
695 852 820 924 multis
849 851 1121 947 impedimentis
1148 852 1302 928 liberato
1314 885 1328 942 ς

244 964 543 1068 quondoquidem
565 965 746 1050 existimo,
773 962 967 1036 hominum
987 964 1128 1038 ordinis
1151 967 1225 1040 mei
1250 967 1326 1038 lau·

241 1083 333 1161 dern
348 1080 510 1174 aliquam
526 1099 605 1150 esse
615 1074 876 1173 hancquoque,
888 1075 932 1160 si,
956 1098 1032 1172 quo
1049 1075 1119 1170 ipsi
1134 1076 1325 1171 pervenire

244 1200 441 1290 nequeant,
458 1211 502 1261 eo
517 1197 559 1260 ut
574 1188 636 1262 alii
651 1187 844 1284 pervenire
852 1187 1007 1282 possint,
1025 1183 1224 1258 effecerint.

257 1327 261 1334 ·
295 1302 432 1398 Scripsi
459 1301 530 1374 sub
565 1298 653 1373 anni
682 1321 832 1374 novur.
856 1296 1020 1384 exordia,
1050 1299 1191 1371 utinam
1216 1298 1331 1372 bonis
1389 1318 1393 1328 ·

241 1413 370 1491 litteris
380 1404 477 1486 bene
488 1411 691 1507 auspicata!

287 1767 415 1843 aaut
439 1791 550 1853 nnnc,
572 1776 615 1840 ut
637 1767 797 1871 epriope
810 1767 969 1841 editione
986 1777 1146 1866 repetam
1159 1791 1213 1856 ea,
1237 1791 1327 1867 quae

238 1881 289 1956 de
300 1877 531 1954 Pindaricae
547 1879 727 1981 lectionis
741 1879 928 1976 sontibus
950 1890 989 1954 et
1006 1880 1142 1954 doniis
1157 1881 1323 1975 apposito

240 2000 366 2075 erant3
398 1992 601 2087 perscripta
614 2013 675 2062 an.
695 2013 853 2062 nxxrn.
873 1990 1025 2083 adjectis
1040 2015 1061 2062 e
1078 1993 1204 2064 seriori
1232 2001 1322 2063 tem-

231 2113 330 2202 ‘pore
352 2101 571 2196 potioribus
595 2101 764 2173 virorum
782 2099 1143 2205 doctorumkrttrdiir
1157 2103 1199 2176 ia
1224 2101 1324 2178 Pin-

138 2231 150 2242 '
238 2215 339 2289 darn
354 2211 551 2300 collocatis.
730 2269 731 2272 ,

464 2347 477 2374 s
580 2361 589 2377 ,
682 2326 708 2372 s
767 2365 790 2411 ᾖ
850 2326 873 2372 s

286 2471 438 2548 Fundus
466 2466 681 2541 Pindaricae'
698 2468 866 2539 iectionis
887 2468 1046 2563 vulgatae
1075 2465 1244 2540 habenda
1268 2477 1322 2542 est

235 2587 356 2676 editio
379 2582 577 2667 Romana,
597 2579 786 2674 Zachariae
803 2579 981 2675 Calliergi
1004 2579 1191 2654 Cretensis
1207 2605 1321 2678 opera

233 2695 435 2781 emendata,
453 2695 518 2792 qui
532 2702 624 2790 post
640 2682 787 2767 Aldum
803 2691 1042 2787 aiioseosque
1054 2689 1320 2764 emendatiores

233 2808 378 2886 codices
391 2805 556 2892 contulit,
574 2803 718 2878 metrici
741 2826 889 2902 quoque
911 2812 949 2876 et
963 2802 1187 2876 scholiorum
1213 2803 1321 2875 ratio-

233 2949 319 3001 nem
332 2922 474 2996 habuit
529 2917 770 3020 Gallierpum
793 2919 960 3014 neglecto
977 2917 1053 2989 iere
1075 2911 1170 2988 Aido
1186 2939 1320 3012 sequn-

227 3044 376 3111 taesunt
387 3032 471 3107 edd.
488 3022 703 3130 sequentes:
723 3027 1007 3128 Cratandrina,
1020 3025 1323 3111 Brubucbiuna,

231 3145 494 3235 Morelb‘una,
525 3141 832 3240 Stephanium:
869 3141 934 3214 etsi
965 3139 1004 3211 in
1031 3161 1106 3211 una
1134 3137 1322 3235 alteraque

231 3257 403 3341 editione,
422 3247 587 3328 virorum
612 3253 806 3357 doctorum
831 3273 954 3348 opera,
982 3248 1158 3322 nonnulla
1182 3250 1317 3347 passim

231 3366 433 3454 emendata,
459 3367 587 3440 saitem
611 3363 803 3436 immutata
831 3364 914 3436 sint.
968 3361 1086 3435 Fuere
1119 3371 1244 3434 autem
1269 3357 1317 3433 ad

228 3472 556 3553 manns'editiones
571 3473 724 3548 Pindari
745 3475 821 3549 fere
838 3496 965 3547 omues
982 3502 990 3557 ;
1009 3473 1136 3547 saitem
1147 3495 1212 3555 eae,
1228 3494 1315 3569 quae

230 3593 403 3665 criticum
417 3612 525 3662 usum
537 3596 776 3685 praestarent3
808 3609 923 3682 eaque
939 3585 1206 3684 opportunitas,
1226 3603 1317 3680 quae
1415 3635 1417 3644 Α

227 3702 467 3777 bibliothecae
478 3707 614 3776 nostrae
631 3696 853 3772 academicae
871 3697 1036 3782 debetur,
1054 3719 1129 3768 non
1147 3695 1246 3790 parvi
1269 3691 1317 3766 ad

226 3816 395 3917 pnimum
425 3835 551 3892 meum
575 3821 654 3886 erat
670 3811 862 3899 momenti,
878 3818 919 3883 ut
934 3809 1097 3882 laborem
1122 3805 1225 3880 hunc
1239 3827 1325 3902 sus.

161 3925 169 3940 '
229 3925 406 4024 ciperem.

225 4031 231 4038 ’
278 4035 640 4134 Stephanianomm
661 4045 784 4108 autem
812 4033 1022 4110 editionum
1045 4031 1312 4128 discrepantem

228 4148 422 4221 lectionem
440 4144 753 4243 deprehenderam
770 4145 897 4220 multis
912 4147 950 4218 in
967 4145 1068 4232 iccio,
1083 4143 1200 4216 donec
1218 4135 1314 4215 illud

221 4257 515 4370 *arrimadvertere
530 4257 658 4332 licuit:
691 4253 858 4334 alteram
879 4281 938 4332 an·
958 4255 1068 4333 1566.
1084 4279 1234 4341 novum,
1248 4245 1315 4326 sed
