<?xml version="1.0" encoding="UTF-8"?>
<!DOCTYPE html PUBLIC "-//W3C//DTD XHTML 1.0 Transitional//EN"
    "http://www.w3.org/TR/xhtml1/DTD/xhtml1-transitional.dtd">
<html xmlns="http://www.w3.org/1999/xhtml" xml:lang="en" lang="en">
 <head>
  <title>
</title>
<meta http-equiv="Content-Type" content="text/html;charset=utf-8" />
  <meta name='ocr-system' content='tesseract 3.04.00' />
  <meta name='ocr-capabilities' content='ocr_page ocr_carea ocr_par ocr_line ocrx_word'/>
</head>
<body>
  <div class='ocr_page' id='page_1' title='image "./pindaricarminac00heyngoog_0044.png"; bbox 0 0 2892 4834; ppageno 0'>
   <div class='ocr_carea' id='block_1_1' title="bbox 220 370 917 467">
    <p class='ocr_par' dir='ltr' id='par_1_1' title="bbox 220 370 917 467">
     <span class='ocr_line' id='line_1_1' title="bbox 220 370 917 467; baseline 0.001 -29"><span class='ocrx_word' id='word_1_1' title='bbox 220 375 317 467; x_wconf 67' lang='lat' dir='ltr'><strong>xaxvi</strong></span> <span class='ocrx_word' id='word_1_2' title='bbox 607 370 917 443; x_wconf 69' lang='lat' dir='ltr'><strong>RRAEFANO.</strong></span> 
     </span>
    </p>
   </div>
   <div class='ocr_carea' id='block_1_2' title="bbox 210 580 1322 3924">
    <p class='ocr_par' dir='ltr' id='par_1_2' title="bbox 217 580 1311 2058">
     <span class='ocr_line' id='line_1_2' title="bbox 223 580 1307 658; baseline 0.002 -19"><span class='ocrx_word' id='word_1_3' title='bbox 223 583 275 657; x_wconf 90' lang='lat' dir='ltr'><strong>qui</strong></span> <span class='ocrx_word' id='word_1_4' title='bbox 302 580 437 639; x_wconf 79' lang='lat' dir='ltr'><strong>certatim</strong></span> <span class='ocrx_word' id='word_1_5' title='bbox 461 580 535 639; x_wconf 82' lang='lat' dir='ltr'><strong>alter</strong></span> <span class='ocrx_word' id='word_1_6' title='bbox 559 580 595 639; x_wconf 93' lang='lat' dir='ltr'><strong>ad</strong></span> <span class='ocrx_word' id='word_1_7' title='bbox 627 582 751 640; x_wconf 82' lang='lat' dir='ltr'><strong>verbum</strong></span> <span class='ocrx_word' id='word_1_8' title='bbox 778 581 1013 658; x_wconf 86' lang='lat' dir='ltr'><strong>interpretando,</strong></span> <span class='ocrx_word' id='word_1_9' title='bbox 1042 580 1125 639; x_wconf 81' lang='lat' dir='ltr'><strong>alter·</strong></span> <span class='ocrx_word' id='word_1_10' title='bbox 1144 585 1307 642; x_wconf 86' lang='lat' dir='ltr'><strong>sententias</strong></span> 
     </span>
     <span class='ocr_line' id='line_1_3' title="bbox 222 672 1308 742; baseline 0.001 -9"><span class='ocrx_word' id='word_1_11' title='bbox 222 676 349 733; x_wconf 91' lang='lat' dir='ltr'><strong>omnino</strong></span> <span class='ocrx_word' id='word_1_12' title='bbox 371 674 530 742; x_wconf 85' lang='lat' dir='ltr'><strong>reddendo,</strong></span> <span class='ocrx_word' id='word_1_13' title='bbox 552 676 583 731; x_wconf 92' lang='lat' dir='ltr'><strong>in</strong></span> <span class='ocrx_word' id='word_1_14' title='bbox 608 672 736 732; x_wconf 81' lang='lat' dir='ltr'>Pindaro</span> <span class='ocrx_word' id='word_1_15' title='bbox 763 675 905 733; x_wconf 87' lang='lat' dir='ltr'><strong>vertendo</strong></span> <span class='ocrx_word' id='word_1_16' title='bbox 928 682 958 732; x_wconf 87' lang='lat' dir='ltr'><strong>et</strong></span> <span class='ocrx_word' id='word_1_17' title='bbox 983 674 1159 733; x_wconf 87' lang='lat' dir='ltr'><strong>illustrando</strong></span> <span class='ocrx_word' id='word_1_18' title='bbox 1183 676 1308 734; x_wconf 85' lang='lat' dir='ltr'><strong>desuda·</strong></span> 
     </span>
     <span class='ocr_line' id='line_1_4' title="bbox 222 766 1308 847; baseline -0.003 -22"><span class='ocrx_word' id='word_1_19' title='bbox 222 775 301 825; x_wconf 88' lang='lat' dir='ltr'><strong>runt.</strong></span> <span class='ocrx_word' id='word_1_20' title='bbox 342 767 425 825; x_wconf 81' lang='lat' dir='ltr'><strong>Alter</strong></span> <span class='ocrx_word' id='word_1_21' title='bbox 447 775 491 824; x_wconf 90' lang='lat' dir='ltr'><strong>est</strong></span> <span class='ocrx_word' id='word_1_22' title='bbox 520 766 685 835; x_wconf 74' lang='lat' dir='ltr'><strong>thebanos,</strong></span> <span class='ocrx_word' id='word_1_23' title='bbox 710 768 880 826; x_wconf 82' lang='lat' dir='ltr'><strong>Academiae</strong></span> <span class='ocrx_word' id='word_1_24' title='bbox 903 767 979 844; x_wconf 81' lang='lat' dir='ltr'><strong>Reg.</strong></span> <span class='ocrx_word' id='word_1_25' title='bbox 1000 766 1094 826; x_wconf 88' lang='lat' dir='ltr'><strong>luscr.</strong></span> <span class='ocrx_word' id='word_1_26' title='bbox 1114 777 1145 826; x_wconf 89' lang='lat' dir='ltr'><strong>et</strong></span> <span class='ocrx_word' id='word_1_27' title='bbox 1166 768 1308 847; x_wconf 85' lang='lat' dir='ltr'><strong>Elegaut.</strong></span> 
     </span>
     <span class='ocr_line' id='line_1_5' title="bbox 221 860 1308 939; baseline 0.003 -20"><span class='ocrx_word' id='word_1_28' title='bbox 221 862 295 919; x_wconf 86' lang='lat' dir='ltr'><strong>Litt.</strong></span> <span class='ocrx_word' id='word_1_29' title='bbox 316 860 443 929; x_wconf 86' lang='lat' dir='ltr'><strong>Sodalis,</strong></span> <span class='ocrx_word' id='word_1_30' title='bbox 458 864 537 938; x_wconf 57' lang='lat' dir='ltr'><strong>uqui,</strong></span> <span class='ocrx_word' id='word_1_31' title='bbox 561 880 628 937; x_wconf 75' lang='lat' dir='ltr'><strong>qua</strong></span> <span class='ocrx_word' id='word_1_32' title='bbox 653 864 784 939; x_wconf 90' lang='lat' dir='ltr'><strong>primum</strong></span> <span class='ocrx_word' id='word_1_33' title='bbox 812 864 844 919; x_wconf 93' lang='lat' dir='ltr'><strong>in</strong></span> <span class='ocrx_word' id='word_1_34' title='bbox 874 862 1103 919; x_wconf 79' lang='lat' dir='ltr'><strong>Commentariis</strong></span> <span class='ocrx_word' id='word_1_35' title='bbox 1134 864 1308 937; x_wconf 86' lang='lat' dir='ltr'><strong>(Memoires</strong></span> 
     </span>
     <span class='ocr_line' id='line_1_6' title="bbox 221 954 1311 1032; baseline 0.001 -20"><span class='ocrx_word' id='word_1_36' title='bbox 221 955 258 1012; x_wconf 91' lang='lat' dir='ltr'><strong>de</strong></span> <span class='ocrx_word' id='word_1_37' title='bbox 271 954 448 1013; x_wconf 87' lang='lat' dir='ltr'><strong>l’Academie</strong></span> <span class='ocrx_word' id='word_1_38' title='bbox 457 955 508 1012; x_wconf 90' lang='lat' dir='ltr'><strong>des</strong></span> <span class='ocrx_word' id='word_1_39' title='bbox 520 956 543 1013; x_wconf 88' lang='lat'><strong>1.</strong></span> <span class='ocrx_word' id='word_1_40' title='bbox 555 964 584 1013; x_wconf 91' lang='lat' dir='ltr'><strong>et</strong></span> <span class='ocrx_word' id='word_1_41' title='bbox 594 956 628 1013; x_wconf 89' lang='lat' dir='ltr'><strong>B.</strong></span> <span class='ocrx_word' id='word_1_42' title='bbox 643 954 692 1029; x_wconf 81' lang='lat' dir='ltr'><strong>L.)</strong></span> <span class='ocrx_word' id='word_1_43' title='bbox 714 966 787 1015; x_wconf 91' lang='lat' dir='ltr'><strong>tom.</strong></span> <span class='ocrx_word' id='word_1_44' title='bbox 811 957 902 1013; x_wconf 81' lang='lat' dir='ltr'><strong>xxxii.</strong></span> <span class='ocrx_word' id='word_1_45' title='bbox 914 965 944 1012; x_wconf 90' lang='lat' dir='ltr'><strong>et</strong></span> <span class='ocrx_word' id='word_1_46' title='bbox 958 974 1047 1013; x_wconf 84' lang='lat' dir='ltr'>xxxv.</span> <span class='ocrx_word' id='word_1_47' title='bbox 1060 956 1210 1031; x_wconf 85' lang='lat' dir='ltr'><strong>vulgarat,</strong></span> <span class='ocrx_word' id='word_1_48' title='bbox 1221 974 1311 1032; x_wconf 90' lang='lat' dir='ltr'><strong>supe·</strong></span> 
     </span>
     <span class='ocr_line' id='line_1_7' title="bbox 221 1047 1308 1125; baseline 0.002 -20"><span class='ocrx_word' id='word_1_49' title='bbox 221 1048 297 1105; x_wconf 90' lang='lat' dir='ltr'><strong>riore</strong></span> <span class='ocrx_word' id='word_1_50' title='bbox 311 1049 544 1125; x_wconf 88' lang='lat' dir='ltr'><strong>annosingulari</strong></span> <span class='ocrx_word' id='word_1_51' title='bbox 556 1050 657 1107; x_wconf 90' lang='lat' dir='ltr'><strong>libello</strong></span> <span class='ocrx_word' id='word_1_52' title='bbox 672 1052 790 1107; x_wconf 85' lang='lat' dir='ltr'><strong>emisit:</strong></span> <span class='ocrx_word' id='word_1_53' title='bbox 809 1050 864 1105; x_wconf 83' lang='lat' dir='ltr'><strong>Les</strong></span> <span class='ocrx_word' id='word_1_54' title='bbox 879 1047 1113 1123; x_wconf 76' lang='lat' dir='ltr'><strong>OderPytltiqaes</strong></span> <span class='ocrx_word' id='word_1_55' title='bbox 1123 1050 1158 1105; x_wconf 86' lang='lat' dir='ltr'><strong>de</strong></span> <span class='ocrx_word' id='word_1_56' title='bbox 1171 1049 1308 1116; x_wconf 74' lang='lat' dir='ltr'><strong>l’indnre,</strong></span> 
     </span>
     <span class='ocr_line' id='line_1_8' title="bbox 221 1142 1310 1218; baseline 0.002 -21"><span class='ocrx_word' id='word_1_57' title='bbox 221 1142 356 1199; x_wconf 82' lang='lat' dir='ltr'><strong>tradaiter</strong></span> <span class='ocrx_word' id='word_1_58' title='bbox 373 1161 440 1199; x_wconf 85' lang='lat' dir='ltr'><strong>avec</strong></span> <span class='ocrx_word' id='word_1_59' title='bbox 460 1144 506 1199; x_wconf 83' lang='lat' dir='ltr'><strong>der</strong></span> <span class='ocrx_word' id='word_1_60' title='bbox 521 1144 696 1216; x_wconf 83' lang='lat' dir='ltr'><strong>Remarqaer.</strong></span> <span class='ocrx_word' id='word_1_61' title='bbox 711 1143 778 1201; x_wconf 90' lang='lat' dir='ltr'><strong>Par.</strong></span> <span class='ocrx_word' id='word_1_62' title='bbox 796 1143 885 1205; x_wconf 83' lang='lat'>1772.</span> <span class='ocrx_word' id='word_1_63' title='bbox 900 1144 928 1201; x_wconf 88' lang='grc'><strong>8.</strong></span> <span class='ocrx_word' id='word_1_64' title='bbox 943 1143 1097 1218; x_wconf 77' lang='lat' dir='ltr'><strong>praemissa</strong></span> <span class='ocrx_word' id='word_1_65' title='bbox 1106 1142 1310 1216; x_wconf 86' lang='lat' dir='ltr'><strong>disputatione</strong></span> 
     </span>
     <span class='ocr_line' id='line_1_9' title="bbox 219 1235 1309 1311; baseline -0.001 -19"><span class='ocrx_word' id='word_1_66' title='bbox 219 1252 308 1310; x_wconf 86' lang='lat' dir='ltr'><strong>super</strong></span> <span class='ocrx_word' id='word_1_67' title='bbox 316 1235 545 1311; x_wconf 86' lang='lat' dir='ltr'><strong>carmiuelyrico</strong></span> <span class='ocrx_word' id='word_1_68' title='bbox 557 1245 587 1292; x_wconf 92' lang='lat' dir='ltr'><strong>et</strong></span> <span class='ocrx_word' id='word_1_69' title='bbox 598 1235 764 1293; x_wconf 81' lang='lat' dir='ltr'><strong>Pindarico.</strong></span> <span class='ocrx_word' id='word_1_70' title='bbox 794 1236 872 1292; x_wconf 88' lang='lat' dir='ltr'><strong>Cum</strong></span> <span class='ocrx_word' id='word_1_71' title='bbox 884 1237 1069 1293; x_wconf 86' lang='lat' dir='ltr'><strong>essentinter</strong></span> <span class='ocrx_word' id='word_1_72' title='bbox 1077 1235 1190 1301; x_wconf 82' lang='lat' dir='ltr'>Gallos,</span> <span class='ocrx_word' id='word_1_73' title='bbox 1198 1235 1309 1309; x_wconf 88' lang='lat' dir='ltr'><strong>quibus</strong></span> 
     </span>
     <span class='ocr_line' id='line_1_10' title="bbox 218 1328 1310 1403; baseline -0.003 -17"><span class='ocrx_word' id='word_1_74' title='bbox 218 1328 402 1387; x_wconf 87' lang='lat' dir='ltr'><strong>eaversioad</strong></span> <span class='ocrx_word' id='word_1_75' title='bbox 412 1328 1224 1403; x_wconf 78' lang='lat' dir='ltr'><strong>verbumiactanimisqueadstrictaGraecisvideretur3</strong></span> <span class='ocrx_word' id='word_1_76' title='bbox 1241 1344 1310 1384; x_wconf 88' lang='lat' dir='ltr'><strong>auc·</strong></span> 
     </span>
     <span class='ocr_line' id='line_1_11' title="bbox 219 1420 1309 1497; baseline -0.002 -18"><span class='ocrx_word' id='word_1_77' title='bbox 219 1423 307 1479; x_wconf 83' lang='lat' dir='ltr'><strong>cessit</strong></span> <span class='ocrx_word' id='word_1_78' title='bbox 321 1422 396 1479; x_wconf 71' lang='lat' dir='ltr'><strong>aliua</strong></span> <span class='ocrx_word' id='word_1_79' title='bbox 406 1423 451 1479; x_wconf 84' lang='lat' dir='ltr'><strong>vir</strong></span> <span class='ocrx_word' id='word_1_80' title='bbox 461 1420 576 1487; x_wconf 86' lang='lat' dir='ltr'><strong>doctus,</strong></span> <span class='ocrx_word' id='word_1_81' title='bbox 591 1422 643 1495; x_wconf 90' lang='lat' dir='ltr'><strong>qui</strong></span> <span class='ocrx_word' id='word_1_82' title='bbox 658 1422 795 1478; x_wconf 82' lang='lat' dir='ltr'><strong>liberiore</strong></span> <span class='ocrx_word' id='word_1_83' title='bbox 809 1423 915 1497; x_wconf 87' lang='lat' dir='ltr'><strong>spiritu</strong></span> <span class='ocrx_word' id='word_1_84' title='bbox 928 1422 1032 1487; x_wconf 87' lang='lat' dir='ltr'><strong>efferri,</strong></span> <span class='ocrx_word' id='word_1_85' title='bbox 1048 1427 1087 1487; x_wconf 89' lang='lat' dir='ltr'><strong>et,</strong></span> <span class='ocrx_word' id='word_1_86' title='bbox 1103 1422 1259 1477; x_wconf 78' lang='lat' dir='ltr'><strong>sententiis</strong></span> <span class='ocrx_word' id='word_1_87' title='bbox 1271 1420 1309 1477; x_wconf 86' lang='lat' dir='ltr'><strong>ad</strong></span> 
     </span>
     <span class='ocr_line' id='line_1_12' title="bbox 218 1504 1309 1591; baseline -0.003 -20"><span class='ocrx_word' id='word_1_88' title='bbox 218 1504 343 1573; x_wconf 74' lang='lat' dir='ltr'><strong>Gallica</strong></span> <span class='ocrx_word' id='word_1_89' title='bbox 353 1516 496 1572; x_wconf 88' lang='lat' dir='ltr'><strong>orationis</strong></span> <span class='ocrx_word' id='word_1_90' title='bbox 508 1515 633 1591; x_wconf 86' lang='lat' dir='ltr'><strong>genium</strong></span> <span class='ocrx_word' id='word_1_91' title='bbox 644 1516 800 1581; x_wconf 80' lang='lat' dir='ltr'><strong>revocatis,</strong></span> <span class='ocrx_word' id='word_1_92' title='bbox 810 1514 958 1571; x_wconf 76' lang='lat' dir='ltr'><strong>Pindarici</strong></span> <span class='ocrx_word' id='word_1_93' title='bbox 969 1515 1111 1570; x_wconf 79' lang='lat' dir='ltr'><strong>carminis</strong></span> <span class='ocrx_word' id='word_1_94' title='bbox 1119 1515 1180 1569; x_wconf 85' lang='lat' dir='ltr'><strong>vim</strong></span> <span class='ocrx_word' id='word_1_95' title='bbox 1192 1513 1309 1588; x_wconf 78' lang='lat' dir='ltr'><strong>assequi</strong></span> 
     </span>
     <span class='ocr_line' id='line_1_13' title="bbox 219 1608 1308 1669; baseline 0.005 -6"><span class='ocrx_word' id='word_1_96' title='bbox 219 1609 311 1666; x_wconf 84' lang='lat' dir='ltr'><strong>videri</strong></span> <span class='ocrx_word' id='word_1_97' title='bbox 321 1608 501 1666; x_wconf 82' lang='lat' dir='ltr'><strong>voluitlibro</strong></span> <span class='ocrx_word' id='word_1_98' title='bbox 513 1610 570 1666; x_wconf 90' lang='lat' dir='ltr'><strong>hoc</strong></span> <span class='ocrx_word' id='word_1_99' title='bbox 583 1630 589 1665; x_wconf 93' lang='lat'>:</span> <span class='ocrx_word' id='word_1_100' title='bbox 612 1608 694 1665; x_wconf 83' lang='lat' dir='ltr'><strong>Ersoi</strong></span> <span class='ocrx_word' id='word_1_101' title='bbox 702 1626 750 1664; x_wconf 81' lang='lat' dir='ltr'><strong>aar</strong></span> <span class='ocrx_word' id='word_1_102' title='bbox 758 1610 891 1665; x_wconf 79' lang='lat' dir='ltr'><strong>Pindare.</strong></span> <span class='ocrx_word' id='word_1_103' title='bbox 922 1608 1077 1666; x_wconf 83' lang='lat' dir='ltr'><strong>Contenant</strong></span> <span class='ocrx_word' id='word_1_104' title='bbox 1086 1629 1140 1667; x_wconf 85' lang='lat' dir='ltr'><strong>uae</strong></span> <span class='ocrx_word' id='word_1_105' title='bbox 1151 1613 1308 1669; x_wconf 82' lang='lat' dir='ltr'><strong>traduction</strong></span> 
     </span>
     <span class='ocr_line' id='line_1_14' title="bbox 218 1701 1307 1779; baseline 0.004 -19"><span class='ocrx_word' id='word_1_106' title='bbox 218 1703 252 1760; x_wconf 84' lang='lat' dir='ltr'><strong>de</strong></span> <span class='ocrx_word' id='word_1_107' title='bbox 260 1704 386 1777; x_wconf 78' lang='lat' dir='ltr'><strong>quelques</strong></span> <span class='ocrx_word' id='word_1_108' title='bbox 394 1704 576 1759; x_wconf 85' lang='lat' dir='ltr'><strong>Oder-avec</strong></span> <span class='ocrx_word' id='word_1_109' title='bbox 589 1720 644 1759; x_wconf 89' lang='lat' dir='ltr'><strong>une</strong></span> <span class='ocrx_word' id='word_1_110' title='bbox 653 1701 777 1775; x_wconf 77' lang='lat' dir='ltr'><strong>Analyre</strong></span> <span class='ocrx_word' id='word_1_111' title='bbox 785 1701 932 1759; x_wconf 69' lang='lat' dir='ltr'><strong>&#39;raisoande</strong></span> <span class='ocrx_word' id='word_1_112' title='bbox 945 1710 972 1758; x_wconf 88' lang='lat' dir='ltr'><strong>et</strong></span> <span class='ocrx_word' id='word_1_113' title='bbox 977 1703 1024 1758; x_wconf 82' lang='lat' dir='ltr'><strong>der</strong></span> <span class='ocrx_word' id='word_1_114' title='bbox 1035 1702 1123 1759; x_wconf 76' lang='lat' dir='ltr'><strong>Notas</strong></span> <span class='ocrx_word' id='word_1_115' title='bbox 1135 1704 1307 1779; x_wconf 70' lang='lat' dir='ltr'><strong>interiores,</strong></span> 
     </span>
     <span class='ocr_line' id='line_1_15' title="bbox 217 1793 1307 1873; baseline -0.001 -19"><span class='ocrx_word' id='word_1_116' title='bbox 217 1800 357 1873; x_wconf 84' lang='lat' dir='ltr'><strong>poethaer</strong></span> <span class='ocrx_word' id='word_1_117' title='bbox 371 1804 399 1853; x_wconf 91' lang='lat' dir='ltr'><strong>et</strong></span> <span class='ocrx_word' id='word_1_118' title='bbox 412 1796 654 1870; x_wconf 76' lang='lat' dir='ltr'><strong>grammaticales.</strong></span> <span class='ocrx_word' id='word_1_119' title='bbox 676 1810 679 1817; x_wconf 88' lang='grc'><strong>’</strong></span> <span class='ocrx_word' id='word_1_120' title='bbox 694 1793 737 1852; x_wconf 87' lang='lat' dir='ltr'><strong>Le</strong></span> <span class='ocrx_word' id='word_1_121' title='bbox 751 1801 812 1851; x_wconf 81' lang='lat' dir='ltr'><strong>tout</strong></span> <span class='ocrx_word' id='word_1_122' title='bbox 822 1794 939 1869; x_wconf 64' lang='lat' dir='ltr'><strong>precede</strong></span> <span class='ocrx_word' id='word_1_123' title='bbox 947 1797 1013 1851; x_wconf 84' lang='lat' dir='ltr'><strong>d&#39;an</strong></span> <span class='ocrx_word' id='word_1_124' title='bbox 1028 1794 1165 1852; x_wconf 84' lang='lat' dir='ltr'><strong>Discourr</strong></span> <span class='ocrx_word' id='word_1_125' title='bbox 1176 1814 1225 1852; x_wconf 80' lang='lat' dir='ltr'><strong>aar</strong></span> <span class='ocrx_word' id='word_1_126' title='bbox 1235 1798 1307 1853; x_wconf 84' lang='lat' dir='ltr'><strong>Pia·</strong></span> 
     </span>
     <span class='ocr_line' id='line_1_16' title="bbox 217 1884 1305 1965; baseline 0 -17"><span class='ocrx_word' id='word_1_127' title='bbox 217 1892 285 1948; x_wconf 87' lang='lat' dir='ltr'><strong>dare</strong></span> <span class='ocrx_word' id='word_1_128' title='bbox 295 1898 323 1947; x_wconf 87' lang='lat' dir='ltr'><strong>et</strong></span> <span class='ocrx_word' id='word_1_129' title='bbox 334 1890 422 1947; x_wconf 81' lang='lat' dir='ltr'><strong>saria</strong></span> <span class='ocrx_word' id='word_1_130' title='bbox 435 1907 522 1965; x_wconf 75' lang='lat' dir='ltr'><strong>oraye</strong></span> <span class='ocrx_word' id='word_1_131' title='bbox 532 1891 654 1945; x_wconf 61' lang='lat' dir='ltr'><strong>mandre</strong></span> <span class='ocrx_word' id='word_1_132' title='bbox 674 1888 708 1944; x_wconf 89' lang='lat' dir='ltr'><strong>de</strong></span> <span class='ocrx_word' id='word_1_133' title='bbox 730 1888 756 1944; x_wconf 84' lang='lat' dir='ltr'><strong>le</strong></span> <span class='ocrx_word' id='word_1_134' title='bbox 777 1890 910 1946; x_wconf 83' lang='lat' dir='ltr'><strong>tradaire.</strong></span> <span class='ocrx_word' id='word_1_135' title='bbox 953 1884 1019 1943; x_wconf 89' lang='lat' dir='ltr'><strong>Par</strong></span> <span class='ocrx_word' id='word_1_136' title='bbox 1033 1887 1091 1947; x_wconf 84' lang='lat' dir='ltr'><strong>Mr.</strong></span> <span class='ocrx_word' id='word_1_137' title='bbox 1115 1888 1305 1959; x_wconf 84' lang='lat' dir='ltr'><strong>Vauvilliers,</strong></span> 
     </span>
     <span class='ocr_line' id='line_1_17' title="bbox 217 1977 1152 2058; baseline -0.005 -16"><span class='ocrx_word' id='word_1_138' title='bbox 217 1984 335 2043; x_wconf 77' lang='lat' dir='ltr'><strong>Leclear</strong></span> <span class='ocrx_word' id='word_1_139' title='bbox 348 1990 375 2041; x_wconf 85' lang='lat' dir='ltr'><strong>ei</strong></span> <span class='ocrx_word' id='word_1_140' title='bbox 391 1982 469 2058; x_wconf 78' lang='lat' dir='ltr'><strong>Pras.</strong></span> <span class='ocrx_word' id='word_1_141' title='bbox 484 1983 524 2039; x_wconf 82' lang='lat' dir='ltr'><strong>R.</strong></span> <span class='ocrx_word' id='word_1_142' title='bbox 538 2001 613 2056; x_wconf 88' lang='lat' dir='ltr'><strong>poar</strong></span> <span class='ocrx_word' id='word_1_143' title='bbox 628 1984 657 2037; x_wconf 89' lang='lat' dir='ltr'><strong>la</strong></span> <span class='ocrx_word' id='word_1_144' title='bbox 672 1980 789 2053; x_wconf 82' lang='lat' dir='ltr'><strong>Longae</strong></span> <span class='ocrx_word' id='word_1_145' title='bbox 804 1982 933 2053; x_wconf 84' lang='lat' dir='ltr'><strong>Grecqae.</strong></span> <span class='ocrx_word' id='word_1_146' title='bbox 945 1977 1012 2036; x_wconf 78' lang='lat' dir='ltr'><strong>Par.</strong></span> <span class='ocrx_word' id='word_1_147' title='bbox 1027 1980 1111 2042; x_wconf 72' lang='lat'>1772.</span> <span class='ocrx_word' id='word_1_148' title='bbox 1124 1982 1152 2038; x_wconf 84' lang='grc'><strong>8.</strong></span> 
     </span>
    </p>

    <p class='ocr_par' dir='ltr' id='par_1_3' title="bbox 214 2072 1305 2601">
     <span class='ocr_line' id='line_1_18' title="bbox 257 2072 1305 2147; baseline -0.003 -13"><span class='ocrx_word' id='word_1_149' title='bbox 257 2076 421 2134; x_wconf 87' lang='lat' dir='ltr'><strong>Pmbamus</strong></span> <span class='ocrx_word' id='word_1_150' title='bbox 446 2075 602 2131; x_wconf 90' lang='lat' dir='ltr'><strong>doctorum</strong></span> <span class='ocrx_word' id='word_1_151' title='bbox 625 2075 758 2130; x_wconf 83' lang='lat' dir='ltr'><strong>virorum</strong></span> <span class='ocrx_word' id='word_1_152' title='bbox 782 2073 926 2137; x_wconf 77' lang='lat' dir='ltr'><strong>studium,</strong></span> <span class='ocrx_word' id='word_1_153' title='bbox 950 2074 1095 2130; x_wconf 88' lang='lat' dir='ltr'><strong>sermonis</strong></span> <span class='ocrx_word' id='word_1_154' title='bbox 1112 2072 1200 2147; x_wconf 88' lang='lat' dir='ltr'><strong>patrii</strong></span> <span class='ocrx_word' id='word_1_155' title='bbox 1221 2090 1305 2131; x_wconf 89' lang='lat' dir='ltr'><strong>amo·</strong></span> 
     </span>
     <span class='ocr_line' id='line_1_19' title="bbox 216 2164 1302 2242; baseline -0.004 -15"><span class='ocrx_word' id='word_1_156' title='bbox 216 2164 465 2241; x_wconf 90' lang='lat' dir='ltr'><strong>rem,jadiciique</strong></span> <span class='ocrx_word' id='word_1_157' title='bbox 486 2166 680 2242; x_wconf 71' lang='lat' dir='ltr'><strong>elegantiam,</strong></span> <span class='ocrx_word' id='word_1_158' title='bbox 700 2164 732 2221; x_wconf 91' lang='lat' dir='ltr'><strong>in</strong></span> <span class='ocrx_word' id='word_1_159' title='bbox 753 2166 846 2223; x_wconf 90' lang='lat' dir='ltr'><strong>altero</strong></span> <span class='ocrx_word' id='word_1_160' title='bbox 869 2164 958 2222; x_wconf 89' lang='lat' dir='ltr'><strong>etiam</strong></span> <span class='ocrx_word' id='word_1_161' title='bbox 982 2166 1212 2242; x_wconf 86' lang='lat' dir='ltr'><strong>grammaticam</strong></span> <span class='ocrx_word' id='word_1_162' title='bbox 1231 2184 1302 2223; x_wconf 89' lang='lat' dir='ltr'><strong>acu·</strong></span> 
     </span>
     <span class='ocr_line' id='line_1_20' title="bbox 216 2256 1305 2331; baseline -0.006 -11"><span class='ocrx_word' id='word_1_163' title='bbox 216 2278 288 2321; x_wconf 88' lang='lat' dir='ltr'><strong>men</strong></span> <span class='ocrx_word' id='word_1_164' title='bbox 305 2282 312 2317; x_wconf 74' lang='grc' dir='ltr'><strong><em>ε</em></strong></span> <span class='ocrx_word' id='word_1_165' title='bbox 342 2260 394 2317; x_wconf 87' lang='lat' dir='ltr'><strong>sed</strong></span> <span class='ocrx_word' id='word_1_166' title='bbox 415 2258 564 2316; x_wconf 86' lang='lat' dir='ltr'><strong>nollemus</strong></span> <span class='ocrx_word' id='word_1_167' title='bbox 587 2276 698 2316; x_wconf 82' lang='lat' dir='ltr'><strong>vanam</strong></span> <span class='ocrx_word' id='word_1_168' title='bbox 713 2257 851 2316; x_wconf 86' lang='lat' dir='ltr'><strong>consumi</strong></span> <span class='ocrx_word' id='word_1_169' title='bbox 866 2275 984 2331; x_wconf 87' lang='lat' dir='ltr'><strong>operam</strong></span> <span class='ocrx_word' id='word_1_170' title='bbox 1000 2258 1031 2313; x_wconf 91' lang='lat' dir='ltr'><strong>iu</strong></span> <span class='ocrx_word' id='word_1_171' title='bbox 1047 2256 1253 2314; x_wconf 83' lang='lat' dir='ltr'><strong>transferendo</strong></span> <span class='ocrx_word' id='word_1_172' title='bbox 1267 2274 1305 2315; x_wconf 92' lang='lat' dir='ltr'><strong>eo</strong></span> 
     </span>
     <span class='ocr_line' id='line_1_21' title="bbox 215 2349 1305 2429; baseline -0.005 -18"><span class='ocrx_word' id='word_1_173' title='bbox 215 2360 313 2429; x_wconf 87' lang='lat' dir='ltr'><strong>poeta,</strong></span> <span class='ocrx_word' id='word_1_174' title='bbox 328 2353 379 2428; x_wconf 93' lang='lat' dir='ltr'><strong>qui</strong></span> <span class='ocrx_word' id='word_1_175' title='bbox 395 2350 479 2409; x_wconf 91' lang='lat' dir='ltr'><strong>nullo</strong></span> <span class='ocrx_word' id='word_1_176' title='bbox 494 2351 583 2409; x_wconf 89' lang='lat' dir='ltr'><strong>modo</strong></span> <span class='ocrx_word' id='word_1_177' title='bbox 605 2352 664 2408; x_wconf 91' lang='lat' dir='ltr'><strong>alia</strong></span> <span class='ocrx_word' id='word_1_178' title='bbox 676 2353 785 2429; x_wconf 85' lang='lat' dir='ltr'><strong>lingua</strong></span> <span class='ocrx_word' id='word_1_179' title='bbox 797 2350 879 2407; x_wconf 89' lang='lat' dir='ltr'><strong>reddi</strong></span> <span class='ocrx_word' id='word_1_180' title='bbox 894 2357 1013 2425; x_wconf 79' lang='lat' dir='ltr'><strong>potest3</strong></span> <span class='ocrx_word' id='word_1_181' title='bbox 1040 2349 1136 2405; x_wconf 90' lang='lat' dir='ltr'><strong>multo</strong></span> <span class='ocrx_word' id='word_1_182' title='bbox 1151 2350 1305 2406; x_wconf 83' lang='lat' dir='ltr'><strong>minusca</strong></span> 
     </span>
     <span class='ocr_line' id='line_1_22' title="bbox 214 2444 1304 2526; baseline -0.006 -19"><span class='ocrx_word' id='word_1_183' title='bbox 214 2450 332 2526; x_wconf 78' lang='lat' dir='ltr'><strong>lingua,</strong></span> <span class='ocrx_word' id='word_1_184' title='bbox 346 2466 414 2523; x_wconf 78' lang='lat' dir='ltr'><strong>qaae</strong></span> <span class='ocrx_word' id='word_1_185' title='bbox 427 2449 564 2525; x_wconf 83' lang='lat' dir='ltr'><strong>omnium</strong></span> <span class='ocrx_word' id='word_1_186' title='bbox 579 2450 708 2507; x_wconf 82' lang='lat' dir='ltr'><strong>maxime</strong></span> <span class='ocrx_word' id='word_1_187' title='bbox 722 2468 741 2506; x_wconf 86' lang='lat' dir='ltr'><strong>a</strong></span> <span class='ocrx_word' id='word_1_188' title='bbox 754 2445 912 2505; x_wconf 86' lang='lat' dir='ltr'><strong>Pindarira</strong></span> <span class='ocrx_word' id='word_1_189' title='bbox 928 2448 970 2513; x_wconf 89' lang='lat' dir='ltr'><strong>vi,</strong></span> <span class='ocrx_word' id='word_1_190' title='bbox 984 2444 1108 2502; x_wconf 88' lang='lat' dir='ltr'><strong>audacia</strong></span> <span class='ocrx_word' id='word_1_191' title='bbox 1122 2453 1152 2502; x_wconf 85' lang='lat' dir='ltr'><strong>et</strong></span> <span class='ocrx_word' id='word_1_192' title='bbox 1164 2444 1304 2502; x_wconf 86' lang='lat' dir='ltr'><strong>sublimi·</strong></span> 
     </span>
     <span class='ocr_line' id='line_1_23' title="bbox 214 2544 439 2601; baseline 0.004 -1"><span class='ocrx_word' id='word_1_193' title='bbox 214 2549 278 2601; x_wconf 87' lang='lat' dir='ltr'><strong>tate</strong></span> <span class='ocrx_word' id='word_1_194' title='bbox 292 2544 439 2601; x_wconf 85' lang='lat' dir='ltr'><strong>abhorret.</strong></span> 
     </span>
    </p>

    <p class='ocr_par' dir='ltr' id='par_1_4' title="bbox 211 2622 1322 3549">
     <span class='ocr_line' id='line_1_24' title="bbox 254 2622 1305 2709; baseline -0.001 -17"><span class='ocrx_word' id='word_1_195' title='bbox 254 2623 340 2694; x_wconf 81' lang='lat' dir='ltr'><strong>Inter</strong></span> <span class='ocrx_word' id='word_1_196' title='bbox 367 2635 526 2694; x_wconf 84' lang='lat' dir='ltr'><strong>Britannos</strong></span> <span class='ocrx_word' id='word_1_197' title='bbox 559 2637 666 2693; x_wconf 81' lang='lat' dir='ltr'><strong>Gildert</strong></span> <span class='ocrx_word' id='word_1_198' title='bbox 697 2622 793 2693; x_wconf 80' lang='lat' dir='ltr'><strong>Wertli</strong></span> <span class='ocrx_word' id='word_1_199' title='bbox 827 2634 1033 2709; x_wconf 84' lang='lat' dir='ltr'><strong>interpretatio</strong></span> <span class='ocrx_word' id='word_1_200' title='bbox 1061 2631 1195 2690; x_wconf 90' lang='lat' dir='ltr'><strong>Odarum</strong></span> <span class='ocrx_word' id='word_1_201' title='bbox 1223 2650 1305 2691; x_wconf 92' lang='lat' dir='ltr'><strong>non·</strong></span> 
     </span>
     <span class='ocr_line' id='line_1_25' title="bbox 214 2725 1303 2806; baseline -0.004 -18"><span class='ocrx_word' id='word_1_202' title='bbox 214 2730 363 2789; x_wconf 84' lang='lat' dir='ltr'><strong>nullarum</strong></span> <span class='ocrx_word' id='word_1_203' title='bbox 380 2729 512 2806; x_wconf 86' lang='lat' dir='ltr'><strong>(Olymp.</strong></span> <span class='ocrx_word' id='word_1_204' title='bbox 526 2730 546 2787; x_wconf 92' lang='lat' dir='ltr'><strong>i.</strong></span> <span class='ocrx_word' id='word_1_205' title='bbox 561 2730 595 2787; x_wconf 91' lang='lat' dir='ltr'><strong>ii.</strong></span> <span class='ocrx_word' id='word_1_206' title='bbox 609 2731 650 2786; x_wconf 91' lang='lat' dir='ltr'><strong>iii.</strong></span> <span class='ocrx_word' id='word_1_207' title='bbox 666 2748 693 2788; x_wconf 87' lang='lat' dir='ltr'><strong>v.</strong></span> <span class='ocrx_word' id='word_1_208' title='bbox 707 2730 758 2788; x_wconf 89' lang='lat' dir='ltr'><strong>vii.</strong></span> <span class='ocrx_word' id='word_1_209' title='bbox 770 2730 809 2785; x_wconf 87' lang='lat' dir='ltr'><strong>xi.</strong></span> <span class='ocrx_word' id='word_1_210' title='bbox 827 2730 880 2786; x_wconf 84' lang='lat' dir='ltr'><strong>xii.</strong></span> <span class='ocrx_word' id='word_1_211' title='bbox 892 2730 953 2786; x_wconf 79' lang='lat' dir='ltr'><strong>xiv.</strong></span> <span class='ocrx_word' id='word_1_212' title='bbox 973 2726 1062 2802; x_wconf 83' lang='lat' dir='ltr'><strong>Pyth.</strong></span> <span class='ocrx_word' id='word_1_213' title='bbox 1076 2726 1096 2783; x_wconf 90' lang='lat' dir='ltr'><strong>i.</strong></span> <span class='ocrx_word' id='word_1_214' title='bbox 1110 2725 1199 2783; x_wconf 88' lang='lat' dir='ltr'><strong>Nem.</strong></span> <span class='ocrx_word' id='word_1_215' title='bbox 1219 2728 1239 2783; x_wconf 92' lang='lat' dir='ltr'><strong>i.</strong></span> <span class='ocrx_word' id='word_1_216' title='bbox 1260 2728 1303 2784; x_wconf 85' lang='lat' dir='ltr'><strong>xi.</strong></span> 
     </span>
     <span class='ocr_line' id='line_1_26' title="bbox 213 2820 1304 2898; baseline 0 -18"><span class='ocrx_word' id='word_1_217' title='bbox 213 2823 321 2881; x_wconf 90' lang='lat' dir='ltr'><strong>lsthm.</strong></span> <span class='ocrx_word' id='word_1_218' title='bbox 344 2823 389 2898; x_wconf 93' lang='lat' dir='ltr'><strong>ii.)</strong></span> <span class='ocrx_word' id='word_1_219' title='bbox 414 2820 512 2879; x_wconf 84' lang='lat' dir='ltr'><strong>Lond.</strong></span> <span class='ocrx_word' id='word_1_220' title='bbox 530 2822 618 2884; x_wconf 75' lang='lat'>1749.</span> <span class='ocrx_word' id='word_1_221' title='bbox 640 2822 669 2881; x_wconf 86' lang='lat'><strong>8.</strong></span> <span class='ocrx_word' id='word_1_222' title='bbox 685 2822 809 2879; x_wconf 89' lang='lat' dir='ltr'><strong>celebris</strong></span> <span class='ocrx_word' id='word_1_223' title='bbox 823 2822 966 2879; x_wconf 83' lang='lat' dir='ltr'><strong>habetur:</strong></span> <span class='ocrx_word' id='word_1_224' title='bbox 993 2820 1042 2877; x_wconf 90' lang='lat' dir='ltr'><strong>cui</strong></span> <span class='ocrx_word' id='word_1_225' title='bbox 1057 2820 1197 2877; x_wconf 87' lang='lat' dir='ltr'><strong>successit</strong></span> <span class='ocrx_word' id='word_1_226' title='bbox 1210 2822 1304 2880; x_wconf 82' lang='lat' dir='ltr'><strong>Hear.</strong></span> 
     </span>
     <span class='ocr_line' id='line_1_27' title="bbox 213 2912 1305 2993; baseline -0.005 -17"><span class='ocrx_word' id='word_1_227' title='bbox 213 2918 261 2976; x_wconf 86' lang='lat' dir='ltr'><strong>Jo.</strong></span> <span class='ocrx_word' id='word_1_228' title='bbox 289 2914 354 2993; x_wconf 75' lang='lat' dir='ltr'><strong>Pye</strong></span> <span class='ocrx_word' id='word_1_229' title='bbox 382 2924 412 2975; x_wconf 89' lang='lat' dir='ltr'><strong>et</strong></span> <span class='ocrx_word' id='word_1_230' title='bbox 446 2912 502 2973; x_wconf 82' lang='lat' dir='ltr'><strong>Ed.</strong></span> <span class='ocrx_word' id='word_1_231' title='bbox 529 2916 660 2991; x_wconf 79' lang='lat' dir='ltr'><strong>Barnalp</strong></span> <span class='ocrx_word' id='word_1_232' title='bbox 693 2918 783 2972; x_wconf 82' lang='lat' dir='ltr'><strong>Green</strong></span> <span class='ocrx_word' id='word_1_233' title='bbox 805 2916 892 2973; x_wconf 88' lang='lat' dir='ltr'><strong>docta</strong></span> <span class='ocrx_word' id='word_1_234' title='bbox 917 2932 1008 2990; x_wconf 89' lang='lat' dir='ltr'><strong>opera</strong></span> <span class='ocrx_word' id='word_1_235' title='bbox 1034 2912 1066 2970; x_wconf 91' lang='lat' dir='ltr'><strong>in</strong></span> <span class='ocrx_word' id='word_1_236' title='bbox 1081 2922 1148 2971; x_wconf 87' lang='lat' dir='ltr'><strong>tota</strong></span> <span class='ocrx_word' id='word_1_237' title='bbox 1171 2912 1305 2971; x_wconf 87' lang='lat' dir='ltr'><strong>Pindaro</strong></span> 
     </span>
     <span class='ocr_line' id='line_1_28' title="bbox 213 3004 1302 3080; baseline -0.005 -12"><span class='ocrx_word' id='word_1_238' title='bbox 213 3009 407 3069; x_wconf 76' lang='lat' dir='ltr'><strong>redhibendo,</strong></span> <span class='ocrx_word' id='word_1_239' title='bbox 449 3007 506 3066; x_wconf 87' lang='lat' dir='ltr'><strong>Sed</strong></span> <span class='ocrx_word' id='word_1_240' title='bbox 522 3026 575 3066; x_wconf 89' lang='lat' dir='ltr'><strong>uec</strong></span> <span class='ocrx_word' id='word_1_241' title='bbox 591 3009 643 3066; x_wconf 90' lang='lat' dir='ltr'><strong>has</strong></span> <span class='ocrx_word' id='word_1_242' title='bbox 658 3026 712 3065; x_wconf 89' lang='lat' dir='ltr'><strong>nea</strong></span> <span class='ocrx_word' id='word_1_243' title='bbox 726 3007 931 3075; x_wconf 87' lang='lat' dir='ltr'><strong>Germanicas,</strong></span> <span class='ocrx_word' id='word_1_244' title='bbox 946 3023 1019 3080; x_wconf 90' lang='lat' dir='ltr'><strong>quas</strong></span> <span class='ocrx_word' id='word_1_245' title='bbox 1037 3005 1193 3071; x_wconf 88' lang='lat' dir='ltr'><strong>habemus,</strong></span> <span class='ocrx_word' id='word_1_246' title='bbox 1207 3004 1302 3063; x_wconf 86' lang='lat' dir='ltr'><strong>iater-</strong></span> 
     </span>
     <span class='ocr_line' id='line_1_29' title="bbox 214 3098 1304 3179; baseline -0.005 -19"><span class='ocrx_word' id='word_1_247' title='bbox 214 3104 394 3179; x_wconf 89' lang='lat' dir='ltr'><strong>pretationes</strong></span> <span class='ocrx_word' id='word_1_248' title='bbox 409 3109 549 3161; x_wconf 83' lang='lat' dir='ltr'><strong>excutere</strong></span> <span class='ocrx_word' id='word_1_249' title='bbox 564 3112 595 3159; x_wconf 88' lang='lat' dir='ltr'><strong>et</strong></span> <span class='ocrx_word' id='word_1_250' title='bbox 608 3119 779 3177; x_wconf 87' lang='lat' dir='ltr'><strong>comparare</strong></span> <span class='ocrx_word' id='word_1_251' title='bbox 791 3102 862 3157; x_wconf 88' lang='lat' dir='ltr'><strong>satis</strong></span> <span class='ocrx_word' id='word_1_252' title='bbox 877 3099 1038 3175; x_wconf 85' lang='lat' dir='ltr'><strong>diligenter</strong></span> <span class='ocrx_word' id='word_1_253' title='bbox 1059 3098 1155 3163; x_wconf 84' lang='lat' dir='ltr'><strong>licuit,</strong></span> <span class='ocrx_word' id='word_1_254' title='bbox 1168 3103 1202 3151; x_wconf 90' lang='lat' dir='ltr'><strong>ut</strong></span> <span class='ocrx_word' id='word_1_255' title='bbox 1213 3098 1304 3171; x_wconf 91' lang='lat' dir='ltr'><strong>quic·</strong></span> 
     </span>
     <span class='ocr_line' id='line_1_30' title="bbox 212 3190 1303 3271; baseline -0.003 -20"><span class='ocrx_word' id='word_1_256' title='bbox 212 3211 303 3271; x_wconf 89' lang='lat' dir='ltr'><strong>quam</strong></span> <span class='ocrx_word' id='word_1_257' title='bbox 319 3193 355 3251; x_wconf 90' lang='lat' dir='ltr'><strong>de</strong></span> <span class='ocrx_word' id='word_1_258' title='bbox 375 3196 411 3251; x_wconf 87' lang='lat' dir='ltr'><strong>iis</strong></span> <span class='ocrx_word' id='word_1_259' title='bbox 427 3202 493 3252; x_wconf 91' lang='lat' dir='ltr'><strong>tuto</strong></span> <span class='ocrx_word' id='word_1_260' title='bbox 508 3196 702 3270; x_wconf 87' lang='lat' dir='ltr'><strong>pronuntiare</strong></span> <span class='ocrx_word' id='word_1_261' title='bbox 726 3194 822 3251; x_wconf 87' lang='lat' dir='ltr'><strong>ausim</strong></span> <span class='ocrx_word' id='word_1_262' title='bbox 830 3193 860 3247; x_wconf 76' lang='lat'><strong>*.</strong></span> <span class='ocrx_word' id='word_1_263' title='bbox 901 3191 949 3247; x_wconf 81' lang='lat' dir='ltr'><strong>Ex</strong></span> <span class='ocrx_word' id='word_1_264' title='bbox 959 3191 1105 3257; x_wconf 89' lang='lat' dir='ltr'><strong>Dammii‚</strong></span> <span class='ocrx_word' id='word_1_265' title='bbox 1118 3190 1174 3246; x_wconf 87' lang='lat' dir='ltr'><strong>viri</strong></span> <span class='ocrx_word' id='word_1_266' title='bbox 1188 3190 1303 3249; x_wconf 89' lang='lat' dir='ltr'><strong>doctis-</strong></span> 
     </span>
     <span class='ocr_line' id='line_1_31' title="bbox 212 3283 1304 3362; baseline -0.005 -17"><span class='ocrx_word' id='word_1_267' title='bbox 212 3287 292 3353; x_wconf 90' lang='lat' dir='ltr'><strong>simi,</strong></span> <span class='ocrx_word' id='word_1_268' title='bbox 299 3288 392 3344; x_wconf 88' lang='lat' dir='ltr'><strong>totius</strong></span> <span class='ocrx_word' id='word_1_269' title='bbox 403 3295 498 3362; x_wconf 75' lang='lat' dir='ltr'><strong>poetae</strong></span> <span class='ocrx_word' id='word_1_270' title='bbox 511 3287 758 3362; x_wconf 89' lang='lat' dir='ltr'><strong>interpretatione</strong></span> <span class='ocrx_word' id='word_1_271' title='bbox 765 3304 828 3343; x_wconf 89' lang='lat' dir='ltr'><strong>non</strong></span> <span class='ocrx_word' id='word_1_272' title='bbox 840 3285 945 3342; x_wconf 87' lang='lat' dir='ltr'><strong>dubito</strong></span> <span class='ocrx_word' id='word_1_273' title='bbox 958 3283 1142 3342; x_wconf 89' lang='lat' dir='ltr'><strong>adminicula</strong></span> <span class='ocrx_word' id='word_1_274' title='bbox 1154 3284 1304 3357; x_wconf 90' lang='lat' dir='ltr'><strong>interpre-</strong></span> 
     </span>
     <span class='ocr_line' id='line_1_32' title="bbox 211 3374 1322 3456; baseline -0.009 -15"><span class='ocrx_word' id='word_1_275' title='bbox 211 3381 335 3441; x_wconf 87' lang='lat' dir='ltr'><strong>tationis</strong></span> <span class='ocrx_word' id='word_1_276' title='bbox 346 3379 492 3439; x_wconf 88' lang='lat' dir='ltr'><strong>noanulla</strong></span> <span class='ocrx_word' id='word_1_277' title='bbox 505 3382 615 3455; x_wconf 86' lang='lat' dir='ltr'><strong>passim</strong></span> <span class='ocrx_word' id='word_1_278' title='bbox 630 3381 692 3456; x_wconf 88' lang='lat' dir='ltr'><strong>peti</strong></span> <span class='ocrx_word' id='word_1_279' title='bbox 705 3396 801 3455; x_wconf 88' lang='lat' dir='ltr'><strong>posse,</strong></span> <span class='ocrx_word' id='word_1_280' title='bbox 821 3379 847 3435; x_wconf 87' lang='lat' dir='ltr'><strong>si</strong></span> <span class='ocrx_word' id='word_1_281' title='bbox 868 3378 938 3453; x_wconf 88' lang='lat' dir='ltr'><strong>quis</strong></span> <span class='ocrx_word' id='word_1_282' title='bbox 957 3379 991 3435; x_wconf 92' lang='lat' dir='ltr'><strong>in</strong></span> <span class='ocrx_word' id='word_1_283' title='bbox 1012 3374 1153 3433; x_wconf 89' lang='lat' dir='ltr'><strong>subsidiis</strong></span> <span class='ocrx_word' id='word_1_284' title='bbox 1165 3375 1322 3431; x_wconf 55' lang='lat' dir='ltr'><strong>externis*</strong></span> 
     </span>
     <span class='ocr_line' id='line_1_33' title="bbox 211 3467 1242 3549; baseline -0.01 -16"><span class='ocrx_word' id='word_1_285' title='bbox 211 3474 305 3533; x_wconf 85' lang='lat' dir='ltr'><strong>bonas</strong></span> <span class='ocrx_word' id='word_1_286' title='bbox 319 3475 407 3532; x_wconf 87' lang='lat' dir='ltr'><strong>horas</strong></span> <span class='ocrx_word' id='word_1_287' title='bbox 422 3472 552 3549; x_wconf 88' lang='lat' dir='ltr'><strong>perdere,</strong></span> <span class='ocrx_word' id='word_1_288' title='bbox 570 3490 625 3531; x_wconf 90' lang='lat' dir='ltr'><strong>nec</strong></span> <span class='ocrx_word' id='word_1_289' title='bbox 639 3491 677 3530; x_wconf 88' lang='lat' dir='ltr'><strong>ex</strong></span> <span class='ocrx_word' id='word_1_290' title='bbox 687 3474 752 3547; x_wconf 87' lang='lat' dir='ltr'><strong>ipso</strong></span> <span class='ocrx_word' id='word_1_291' title='bbox 762 3472 866 3547; x_wconf 88' lang='lat' dir='ltr'><strong>potius</strong></span> <span class='ocrx_word' id='word_1_292' title='bbox 878 3478 968 3546; x_wconf 91' lang='lat' dir='ltr'><strong>poeta</strong></span> <span class='ocrx_word' id='word_1_293' title='bbox 980 3486 1083 3545; x_wconf 87' lang='lat' dir='ltr'><strong>sapere</strong></span> <span class='ocrx_word' id='word_1_294' title='bbox 1094 3467 1242 3525; x_wconf 81' lang='lat' dir='ltr'><strong>maluerit</strong></span> 
     </span>
    </p>

    <p class='ocr_par' dir='ltr' id='par_1_5' title="bbox 210 3554 1305 3924">
     <span class='ocr_line' id='line_1_34' title="bbox 251 3554 1303 3643; baseline -0.002 -21"><span class='ocrx_word' id='word_1_295' title='bbox 251 3554 390 3627; x_wconf 90' lang='lat' dir='ltr'><strong>Omnino</strong></span> <span class='ocrx_word' id='word_1_296' title='bbox 413 3566 561 3643; x_wconf 88' lang='lat' dir='ltr'><strong>equidem,</strong></span> <span class='ocrx_word' id='word_1_297' title='bbox 586 3568 637 3640; x_wconf 91' lang='lat' dir='ltr'><strong>qui</strong></span> <span class='ocrx_word' id='word_1_298' title='bbox 660 3565 781 3623; x_wconf 88' lang='lat' dir='ltr'><strong>laudem</strong></span> <span class='ocrx_word' id='word_1_299' title='bbox 804 3581 953 3622; x_wconf 82' lang='lat' dir='ltr'><strong>summam</strong></span> <span class='ocrx_word' id='word_1_300' title='bbox 973 3563 1073 3621; x_wconf 90' lang='lat' dir='ltr'><strong>studio</strong></span> <span class='ocrx_word' id='word_1_301' title='bbox 1093 3561 1165 3618; x_wconf 89' lang='lat' dir='ltr'><strong>huic</strong></span> <span class='ocrx_word' id='word_1_302' title='bbox 1186 3561 1303 3630; x_wconf 86' lang='lat' dir='ltr'><strong>tribuo,</strong></span> 
     </span>
     <span class='ocr_line' id='line_1_35' title="bbox 210 3653 1305 3739; baseline -0.008 -18"><span class='ocrx_word' id='word_1_303' title='bbox 210 3680 341 3739; x_wconf 90' lang='lat' dir='ltr'><strong>operam,</strong></span> <span class='ocrx_word' id='word_1_304' title='bbox 357 3662 387 3720; x_wconf 92' lang='lat' dir='ltr'><strong>in</strong></span> <span class='ocrx_word' id='word_1_305' title='bbox 405 3660 498 3736; x_wconf 87' lang='lat' dir='ltr'><strong>lyrico</strong></span> <span class='ocrx_word' id='word_1_306' title='bbox 521 3666 611 3735; x_wconf 89' lang='lat' dir='ltr'><strong>poeta</strong></span> <span class='ocrx_word' id='word_1_307' title='bbox 631 3659 663 3717; x_wconf 88' lang='lat' dir='ltr'><strong>in</strong></span> <span class='ocrx_word' id='word_1_308' title='bbox 685 3658 816 3733; x_wconf 86' lang='lat' dir='ltr'><strong>patrium</strong></span> <span class='ocrx_word' id='word_1_309' title='bbox 837 3676 1006 3715; x_wconf 88' lang='lat' dir='ltr'><strong>sermonem</strong></span> <span class='ocrx_word' id='word_1_310' title='bbox 1027 3653 1245 3720; x_wconf 86' lang='lat' dir='ltr'><strong>transferendo,</strong></span> <span class='ocrx_word' id='word_1_311' title='bbox 1260 3655 1305 3724; x_wconf 90' lang='lat' dir='ltr'><strong>ei,</strong></span> 
     </span>
     <span class='ocr_line' id='line_1_36' title="bbox 211 3747 1301 3829; baseline -0.006 -18"><span class='ocrx_word' id='word_1_312' title='bbox 211 3756 263 3829; x_wconf 88' lang='lat' dir='ltr'><strong>qui</strong></span> <span class='ocrx_word' id='word_1_313' title='bbox 277 3774 343 3813; x_wconf 91' lang='lat' dir='ltr'><strong>eam</strong></span> <span class='ocrx_word' id='word_1_314' title='bbox 357 3754 499 3829; x_wconf 86' lang='lat' dir='ltr'><strong>suscepit,</strong></span> <span class='ocrx_word' id='word_1_315' title='bbox 519 3751 610 3811; x_wconf 83' lang='lat' dir='ltr'><strong>video</strong></span> <span class='ocrx_word' id='word_1_316' title='bbox 622 3770 686 3811; x_wconf 88' lang='lat' dir='ltr'><strong>esse</strong></span> <span class='ocrx_word' id='word_1_317' title='bbox 699 3770 786 3829; x_wconf 85' lang='lat' dir='ltr'><strong>posse</strong></span> <span class='ocrx_word' id='word_1_318' title='bbox 799 3751 892 3828; x_wconf 86' lang='lat' dir='ltr'><strong>longe</strong></span> <span class='ocrx_word' id='word_1_319' title='bbox 911 3750 1103 3809; x_wconf 85' lang='lat' dir='ltr'><strong>utilissimam</strong></span> <span class='ocrx_word' id='word_1_320' title='bbox 1123 3747 1160 3805; x_wconf 91' lang='lat' dir='ltr'><strong>ad</strong></span> <span class='ocrx_word' id='word_1_321' title='bbox 1183 3764 1301 3805; x_wconf 90' lang='lat' dir='ltr'><strong>sermo·</strong></span> 
     </span>
     <span class='ocr_line' id='line_1_37' title="bbox 211 3842 1301 3924; baseline -0.004 -19"><span class='ocrx_word' id='word_1_322' title='bbox 211 3865 281 3906; x_wconf 89' lang='lat' dir='ltr'><strong>nem</strong></span> <span class='ocrx_word' id='word_1_323' title='bbox 310 3850 438 3924; x_wconf 88' lang='lat' dir='ltr'><strong>patrium</strong></span> <span class='ocrx_word' id='word_1_324' title='bbox 461 3847 634 3924; x_wconf 88' lang='lat' dir='ltr'><strong>poliendum</strong></span> <span class='ocrx_word' id='word_1_325' title='bbox 663 3853 695 3905; x_wconf 89' lang='lat' dir='ltr'><strong>et</strong></span> <span class='ocrx_word' id='word_1_326' title='bbox 719 3846 900 3914; x_wconf 89' lang='lat' dir='ltr'><strong>ornandum,</strong></span> <span class='ocrx_word' id='word_1_327' title='bbox 929 3843 1148 3922; x_wconf 81' lang='lat' dir='ltr'><strong>poeticumque,</strong></span> <span class='ocrx_word' id='word_1_328' title='bbox 1172 3842 1301 3924; x_wconf 84' lang='lat' dir='ltr'><strong>lyricam</strong></span> 
     </span>
    </p>
   </div>
   <div class='ocr_carea' id='block_1_3' title="bbox 208 4033 1302 4179">
    <p class='ocr_par' dir='ltr' id='par_1_6' title="bbox 208 4033 1302 4179">
     <span class='ocr_line' id='line_1_38' title="bbox 244 4033 1302 4101; baseline -0.001 -16"><span class='ocrx_word' id='word_1_329' title='bbox 244 4038 259 4067; x_wconf 69' lang='lat'><strong><em>⁵</em></strong></span> <span class='ocrx_word' id='word_1_330' title='bbox 280 4034 430 4086; x_wconf 73' lang='lat' dir='ltr'><strong>Enumerare</strong></span> <span class='ocrx_word' id='word_1_331' title='bbox 441 4039 479 4085; x_wconf 76' lang='lat' dir='ltr'><strong>lia</strong></span> <span class='ocrx_word' id='word_1_332' title='bbox 493 4040 613 4088; x_wconf 83' lang='lat' dir='ltr'><strong>versiones</strong></span> <span class='ocrx_word' id='word_1_333' title='bbox 624 4048 678 4087; x_wconf 89' lang='lat' dir='ltr'><strong>sunt</strong></span> <span class='ocrx_word' id='word_1_334' title='bbox 695 4040 719 4085; x_wconf 94' lang='lat' dir='ltr'><strong>in</strong></span> <span class='ocrx_word' id='word_1_335' title='bbox 730 4040 815 4089; x_wconf 81' lang='lat' dir='ltr'><strong>eudem</strong></span> <span class='ocrx_word' id='word_1_336' title='bbox 832 4036 946 4087; x_wconf 81' lang='lat' dir='ltr'><strong>Biatiou.</strong></span> <span class='ocrx_word' id='word_1_337' title='bbox 961 4052 998 4101; x_wconf 76' lang='lat' dir='ltr'><strong>qr.</strong></span> <span class='ocrx_word' id='word_1_338' title='bbox 1013 4036 1043 4085; x_wconf 78' lang='lat' dir='ltr'><strong>ab</strong></span> <span class='ocrx_word' id='word_1_339' title='bbox 1060 4034 1170 4084; x_wconf 87' lang='lat' dir='ltr'><strong>Harlerio</strong></span> <span class='ocrx_word' id='word_1_340' title='bbox 1182 4033 1228 4085; x_wconf 76' lang='lat' dir='ltr'><strong>ll.</strong></span> <span class='ocrx_word' id='word_1_341' title='bbox 1244 4050 1302 4101; x_wconf 73' lang='lat' dir='ltr'><strong>pag.</strong></span> 
     </span>
     <span class='ocr_line' id='line_1_39' title="bbox 208 4114 759 4179; baseline 0 -15"><span class='ocrx_word' id='word_1_342' title='bbox 208 4118 250 4166; x_wconf 77' lang='grc'><strong>76.</strong></span> <span class='ocrx_word' id='word_1_343' title='bbox 260 4114 303 4164; x_wconf 72' lang='lat' dir='ltr'><strong>Pl.</strong></span> <span class='ocrx_word' id='word_1_344' title='bbox 320 4122 344 4161; x_wconf 89' lang='lat' dir='ltr'><strong>et</strong></span> <span class='ocrx_word' id='word_1_345' title='bbox 355 4130 369 4163; x_wconf 85' lang='lat' dir='ltr'><strong>a</strong></span> <span class='ocrx_word' id='word_1_346' title='bbox 380 4114 556 4179; x_wconf 76' lang='lat' dir='ltr'><strong>Blanlenburg.</strong></span> <span class='ocrx_word' id='word_1_347' title='bbox 573 4116 602 4163; x_wconf 77' lang='lat' dir='ltr'><strong>ed</strong></span> <span class='ocrx_word' id='word_1_348' title='bbox 614 4116 701 4164; x_wconf 82' lang='lat' dir='ltr'><strong>Sulaer.</strong></span> <span class='ocrx_word' id='word_1_349' title='bbox 757 4157 759 4164; x_wconf 94' lang='lat'><em>.</em></span> 
     </span>
    </p>
   </div>
   <div class='ocr_carea' id='block_1_4' title="bbox 0 0 1450 4834">
    <p class='ocr_par' dir='ltr' id='par_1_7' title="bbox 0 0 1450 4834">
     <span class='ocr_line' id='line_1_40' title="bbox 0 0 1450 4834; baseline 0 5"><span class='ocrx_word' id='word_1_350' title='bbox 0 0 1450 4834; x_wconf 95' lang='lat' dir='ltr'><strong> </strong></span> 
     </span>
    </p>
   </div>
  </div>
 </body>
</html>
