2892 4834
232 320 306 382 xxri
655 313 964 381 PRAEFATlO.

233 546 301 604 pag.
316 527 365 589 711.
385 525 559 584 Mediolani.
572 526 621 584 16.
640 527 678 584 de
688 521 882 583 (imbellione.
907 522 995 579 1521.
1018 519 1046 576 t.
1068 507 1317 594 sedln'terpreta·
1427 557 1428 560 ,

218 621 345 676 tionem
357 619 410 675 illa
423 618 555 685 Pindari,
570 637 631 675 non
646 618 819 681 editionem,
827 613 932 671 indicit
946 614 978 669 in
994 611 1157 686 Gymnasio
1168 607 1317 668 Mediola-
1427 637 1428 640 ι

219 711 342 766 mensi.-
372 709 488 767 Proefiai
500 717 572 767 sunt
584 719 651 766 octo
665 726 768 766 versus
783 704 948 800 Lampridii
963 703 999 759 ed
1015 702 1186 760 Cornelium
1201 701 1316 775 Benig-

233 820 320 866 num.
334 805 442 876 quibus
465 800 529 875 ejus
554 804 761 860 munificentia
777 789 860 887 (σοῖς,
877 801 1024 880 Κορνήλιε,
1040 795 1151 882 deipsis)
1175 795 1315 855 effectum
1427 829 1428 836 ι

233 897 329 961 docet,
349 905 382 952 ut
394 898 475 953 boc'
465 914 552 970 opere
566 914 664 972 graeco
678 895 752 970 preli
765 913 821 969 ope
836 911 973 978 expresso
985 894 1068 950 urbs
1063 896 1226 967 princeps
1217 879 1320 948 Roma

233 987 392 1059 opprobrio
403 987 527 1057 liberata
553 988 602 1053 sit,
627 988 674 1042 cui
691 987 824 1042 obnoxia
845 993 908 1041 erat
921 1001 1080 1058 grecorum
1097 985 1227 1040 librorum
1242 972 1317 1056 tppia
1427 1051 1428 1060 χ

218 1079 473 1135 ‘excudendorum
463 1096 587 1133 incurro
628 1076 818 1150 Lampridius
830 1082 875 1131 est
902 1076 1083 1132 Benedictus
1112 1065 1315 1148 Lampridius,

233 1171 455 1235 Cremonensis,
471 1167 604 1226 Lssearis
619 1167 794 1240 discipulus,
808 1181 897 1239 quem
911 1165 1019 1223 Jorius
1035 1167 1300 1223 commemorarit

272 1261 421 1317 Florentio
435 1277 607 1333 expressum
618 1256 781 1315 Pindarum
796 1257 947 1313 Fabricius
959 1274 997 1314 ex
1020 1257 1078 1313 fide
1090 1257 1181 1312 Conr.
1194 1253 1313 1312 Gesne-

234 1351 258 1405 ri
274 1350 320 1422 (in
344 1349 489 1405 Biblioth.
510 1351 641 1405 univers
654 1366 747 1424 pag.
740 1347 823 1420 563.)
851 1355 1016 1420 memorat3
1038 1347 1089 1404 sed
1104 1359 1267 1480 perperam,
1283 1348 1315 1404 id

234 1441 313 1515 quod
325 1441 398 1496 mibi
410 1457 488 1497 nunc
499 1441 571 1496 eatis
584 1448 720 1495 constare
734 1437 860 1494 videtur

269 1533 467 1604 Pindaruegr.
473 1531 657 1588 caeremon.
677 1519 813 1594 Basilum,
823 1529 959 1602 perllnd.
975 1529 1181 1587 Cratandrum.
1192 1474 1276 1588 1526
1286 1531 1319 1590 8.

275 1620 530 1678 Emendatissima
552 1622 654 1687 editio,
669 1621 705 1677 ad
721 1621 874 1694 exemplag
887 1619 1061 1676 Romanm
1083 1619 1147 1676 lac.
1172 1621 1314 1695 Ceporini

233 1731 323 1788 opere
335 1713 538 1779 emendatum,
553 1720 723 1786 comparata
733 1727 852 1784 quoque
864 1710 971 1767 Aldina
984 1712 1125 1771 editione.
1165 1711 1313 1770 Preietos

233 1811 282 1859 est
293 1803 456 1860 Huldricus
470 1804 723 1880 Zwinglius'satis
738 1819 840 1876 aequus
855 1799 908 1876 pro
921 1801 1065 1878 theologo
1079 1804 1112 1859 in
1125 1793 1316 1862 Pindaricum

233 1893 352 1951 Musam
370 1903 401 1952 et
414 1895 553 1968 pietatem
566 1919 575 1964 5
598 1895 677 1950 idem
692 1895 724 1949 in
740 1893 860 1968 epilogo
875 1887 1014 1962 adjuncto
1028 1902 1164 1967 parentat
1176 1896 1316 1970 Ceporini

233 1988 395 2052 memoriae,
410 1987 462 2058 qui
476 2001 564 2059 opere
587 1986 639 2040 vix
665 1984 822 2058 profligato
837 1999 938 2040 mense
953 1983 1096 2041 Decemb.
1112 1987 1198 2044 1525.
1222 1981 1315 2046 studii

232 2076 460 2149 intemperantia
471 2075 595 2131 obierat.
626 2073 769 2129 Nondum
785 2091 883 2130 annus
899 2075 1019 2141 exierat,
1030 2093 1067 2131 ex
1078 2093 1137 2149 quo
1151 2077 1316 2151 Gymnasio
1376 2109 1389 2134 ι

232 2167 551 2244 Tigurinolitterarum
558 2181 721 2240 graecarum
733 2163 886 2222 Professor
896 2159 1084 2222 renuntiatus
1094 2165 1200 2225 luerat.
1207 2169 1246 2232 ef.
1259 2166 1316 2229 inf.

234 2258 511 2411 adliizdgristilymp.
527 2339 640 2411 hymnus
648 2340 756 2412 primm
770 2345 796 2394 et
802 2339 936 2396 secundus
951 2341 1093 2397 latinitate
1104 2341 1211 2406 donati,
1222 2339 1314 2400 Men-
1427 2355 1428 2382 ³

312 2432 383 2490 rado
395 2429 549 2490 Moithero
563 2433 719 2506 laterprcte
729 2433 853 2490 simulet
860 2434 1056 2506 poropbrmte,
1071 2437 1148 2508 opud
1162 2435 1313 2514 Hearicum

316 2528 403 2585 Gran.
420 2525 586 2602 Hagenoae',
603 2525 929 2589 iteramnensis
946 2529 1097 2605 pag.·690.

272 2618 556 2674 -eoerrioneJa
570 2619 698 2676 Lonieei
712 2621 802 2676 totino
811 2619 982 2692 (prosaica),
1005 2619 1140 2687 Basileae,
1154 2621 1315 2694 15261161

300 2712 433 2766 escuem
441 2711 603 2775 recensione,
609 2728 671 2766 earn
679 2710 1025 2783 manarununegraect
1047 2712 1156 2768 scholiis
1167 2721 1195 2769 et
1203 2716 1314 2786 optimis

304 2801 718 2874 quiburpneutriurqneliaguae
727 2802 882 2858 auctoribus
888 2803 1031 2876 decerptis.
1042 2801 1131 2859 Basil.
1143 2803 1317 2880 1535.4.(6ι

309 2892 387 2948 forte
394 2886 458 2972 jam
472 2889 562 2947 1532.
577 2889 730 2964 quo'anno
742 2892 863 2965 praelixa
872 2893 1006 2965 epistola,
1016 2894 1048 2950 in
1059 2911 1138 2968 seqq.
1150 2893 1216 2954 edd,
1231 2912 1317 2968 repe·

310 2983 376 3048 ιίιιι,
391 2982 500 3055 scripta
513 2984 585 3052 est.)
600 2983 700 3036 iterum
712 2983 939 3062 muuaeliguri
959 2983 1045 3044 1543.
1057 2991 1087 3040 et
1103 2982 1314 3056 15666166ιί.

269 3073 326 3129 Est
352 3073 417 3128 baec
430 3072 526 3144 prima
549 3071 645 3127 versio
658 3070 755 3128 latina
767 3071 911 3129 Pindari·
935 3075 982 3140 cui
1011 3073 1147 3148 deinceps
1174 3074 1313 3134 meliores

231 3179 423 3223 successereu
449 3159 631 3216 Ionlcerum
654 3161 691 3218 dc
705 3162 834 3237 singulis
849 3164 946 3220 verbis
960 3165 1070 3238 potius,
1090 3181 1181 3244 quam
1196 3163 1232 3221 de
1243 3183 1314 3224 sen·

216 3255 331 3313 tentiis
344 3252 436 3308 luisse
450 3250 646 3321 sollicitum,
639 3253 674 3308 ris
684 3252 806 3328 quidem
832 3254 917 3322 locis,
932 3272 998 3329 quae
1012 3257 1207 3366 insperimus,
1222 3255 1312 3316 facile

227 3347 361 3421 intelligi
376 3353 527 3420 poterat.

267 3439 457 3497 ltalieeoerso
471 3437 549 3492 Pieoe
568 3436 638 3492 1531
645 3436 688 3510 .f.
704 3438 826 3495 Pendere
837 3456 961 3496 carmena
973 3438 1086 3499 narrari
1113 3439 1223 3519 video:
1251 3441 1305 3500 sed

306 3534 445 3600 corrupto
459 3544 594 3584 numero.
609 3545 637 3584 v.
647 3527 685 3584 ad
703 3529 790 3586 1631.

264 3649 346 3668 ...-
361 3619 528 3692 Olympiaci
553 3618 658 3691 Pytbio
679 3636 783 3692 graece.
818 3619 937 3678 Parisiis
966 3621 1043 3696 apud
1058 3620 1191 3681 Wecbel.
1219 3625 1311 3695 1535..

305 3711 334 3769 8.
354 3707 522 3766 Memorato
534 3707 596 3764 vidi
609 3709 641 3764 in
656 3709 804 3788 Catalogo
819 3710 959 3770 biblioth.
979 3708 1097 3768 Askew.

261 3831 346 3868 -ς
355 3819 403 3874 gr.
425 3817 487 3856 eum
509 3799 604 3871 Sobel.
629 3799 830 3870 Francolurti,
843 3821 933 3878 opera
946 3810 976 3860 et
987 3802 1126 3875 impensa
1139 3800 1218 3860 Petri
1231 3803 1311 3863 Bru·

306 3891 414 3948 baebii.
429 3890 514 3948 1542.
530 3892 561 3945 4.

263 3979 292 4039 11
312 3981 450 4046 Romana
474 3998 641 4054 expressam
665 4000 729 4040 esse
749 3983 863 4058 liquido
877 3985 951 4044 mihi
966 3993 1102 4057 conetat5
1126 3987 1158 4044 in
1170 3986 1310 4061 margine

224 4073 375 4130 variantes
387 4071 548 4131 nonnulle
563 4072 704 4132 lectiones
715 4073 881 4150 adscriptae,
896 4075 946 4136 ssd
958 4093 995 4140 ex
1008 4076 1055 4138 ed.
1070 4075 1133 4135 Α16.
1155 4073 1310 4136 Emenda-
