2892 4834
501 379 811 446 PRAEFATIO.
1115 380 1213 443 xxxiii

173 567 357 628 Perventum
377 575 424 626 eat
437 566 475 626 nd
501 571 689 636 oxoniensem,
715 564 967 627 orerecurrunt.
990 563 1064 624 West
1087 576 1114 624 et
1136 568 1212 626 1161.

132 663 254 724 Webted.
279 665 368 726 1697.
380 664 434 725 fol.
474 665 656 725 Modestium
670 673 701 723 et
726 665 896 739 aequitatem
908 662 1040 718 virorum
1055 664 1212 720 doctorum

127 757 211 816 facile
221 757 350 833 probea3
371 758 490 816 etiamsi
503 758 647 816 doctrinm
661 758 869 822 subtilitatem,
881 755 1016 814 criticum
1029 772 1167 824 acumen,
1182 766 1213 814 et

128 851 283 911 subactum
298 851 331 908 in
343 851 536 910 admittendis
549 851 599 909 vel
623 845 794 922 rejiciendis
803 849 1098 924 interpretationibus
1109 860 1140 909 et
1153 856 1212 912 lec-

127 946 259 1002 tionibus
275 944 461 1002 estimandia
475 943 622 1002 desideres
636 943 807 1019 ingenium.
835 941 966 1000 Textum
984 942 1213 1005 Schmidianum

127 1040 244 1112 oeqnuti
253 1039 409 1105 aunt,nisi,
418 1036 571 1110 inquiunt,
578 1038 687 1094 numeri
698 1038 837 1102 martinia,
848 1043 898 1092 aut
909 1035 1016 1109 aliquid
1023 1037 1112 1106 aliud,
1124 1043 1213 1098 reolo.

126 1138 241 1188 meat.
268 1129 327 1186 Sed
340 1129 500 1187 fatendum
516 1137 572 1196 est,
588 1147 644 1186 nec
654 1129 816 1205 lyricorum
831 1136 995 1186 metrorum
1010 1131 1150 1202 rationes,
1158 1153 1214 1193 nec

124 1221 292 1280 Pindaricae
300 1222 449 1280 orationis
462 1222 594 1279 indolem
608 1222 689 1279 viros
700 1223 960 1298 praestantissimos
971 1223 1042 1279 satia
1056 1241 1121 1282 esse
1134 1245 1213 1284 asse·

125 1327 244 1392 quutoa,
259 1325 292 1374 et
317 1315 408 1374 modo
435 1316 600 1382 damnasse,
614 1333 694 1402 qum·
707 1316 844 1383 retinere,
859 1316 950 1372 modo
965 1317 1132 1386 retinuisse,
1146 1338 1215 1396 quas

130 1408 273 1466 damnare
287 1409 447 1466 debebant.
487 1408 593 1484 ltaque
621 1407 749 1466 iterdum
777 1409 852 1465 mihi
867 1409 929 1484 ipse
958 1409 1108 1483 displicui,
1133 1413 1213 1489 quod

126 1518 187 1559 non
199 1501 239 1558 ab
254 1502 345 1558 initio
357 1503 461 1560 statim
475 1501 619 1559 lectiones
631 1519 784 1578 perperam
800 1503 907 1559 abillis
919 1511 1049 1588 mutatas
1058 1505 1214 1565 eliminare

126 1596 155 1652 in
178 1596 320 1652 animum
337 1594 526 1653 induxeram.
566 1594 725 1654 Variantes
737 1595 881 1653 lectiones
895 1613 933 1652 ex
947 1594 1140 1658 Schmidiana
1151 1599 1214 1658 edi-

127 1687 207 1744 tione
221 1688 440 1762 repetiverunt,
455 1689 528 1750 alius
543 1688 733 1757 addiderunt,
753 1706 814 1746 non
829 1689 960 1764 quidem,
973 1691 1055 1765 quod
1083 1695 1151 1768 quis
1162 1713 1214 1752 ex·

128 1780 275 1854 pectebat,
292 1781 427 1854 antiquis
438 1780 504 1838 edd.
517 1784 649 1838 excussis
676 1790 707 1838 et
733 1783 931 1855 comparatis:
955 1783 1011 1838 etsi
1023 1801 1055 1840 ea
1078 1787 1216 1860 impressis

127 1874 254 1948 plurime
282 1873 344 1930 edd.
374 1875 549 1932 vndetatem
577 1873 717 1932 lectionis
743 1875 867 1947 petitum
883 1883 1073 1933 memorant:
1097 1879 1149 1952 sed
1177 1897 1215 1938 ex

133 1966 292 2023 Bcdleioais
315 1968 393 2023 codd.
415 1968 596 2042 exscriptas3
618 1965 655 2022 de
680 1966 790 2042 quibus
811 1973 912 2022 tamen
939 1967 1025 2024 codd.
1053 1969 1130 2027 nihil
1144 1975 1215 2030 satis

130 2059 234 2116 merse
254 2067 382 2128 narrant
393 2085 403 2132 3
423 2077 491 2135 qua
511 2061 568 2135 ipsi
594 2058 860 2126 observaverimus,
876 2075 967 2133 supra
988 2063 1122 2136 exposita
1135 2073 1216 2126 aunt.

129 2147 304 2210 Veraionem
316 2160 473 2210 servarunt
484 2170 522 2209 ex
533 2151 735 2217 Schmidiana,
749 2151 941 2224 paraphrasin
966 2147 1158 2224 subjecerunt
1179 2176 1217 2216 ex

131 2246 326 2305 Salmuriensi
341 2246 486 2312 editione,
500 2260 643 2303 unacum
658 2244 856 2320 argumemis.
876 2242 1010 2301 Iudicem
1035 2245 1215 2323 locupletem
1240 2289 1243 2298 .

129 2338 182 2412 ipsi
209 2335 419 2395 confecerunt.
463 2336 682 2394 oxoniensium
716 2335 838 2407 Pindari
870 2334 1017 2412 editopum
1044 2339 1235 2400 desiderata·

22 2440 24 2471 ³
128 2425 272 2514 ἀκριβείας
290 2431 443 2504 specimen
455 2429 608 2504 proposuit
623 2428 661 2486 R.
676 2429 795 2486 Dawea.
816 2425 942 2486 Miscell.
963 2431 1028 2488 crit.
1045 2432 1121 2489 Sect.
1139 2433 1168 2492 ii.
1183 2438 1214 2511 p.

22 2534 23 2553 .
134 2530 237 2588 33-68.
258 2528 318 2606 (ed.
333 2529 426 2605 Burg.
441 2548 469 2605 p.
495 2525 557 2606 37.)
581 2529 740 2587 Pauwium
756 2526 858 2583 minua
884 2530 988 2587 acerbe
997 2547 1065 2588 cum
1081 2533 1117 2590 iis
1128 2549 1216 2611 egere

133 2623 283 2679 interdum
293 2623 422 2679 miratus
435 2639 512 2681 sum.
1309 2693 1313 2702 Ι

168 2715 327 2791 Repetitua
349 2723 395 2772 eat
415 2723 575 2775 contextus
589 2721 685 2790 poetae
711 2727 750 2770 ex
774 2714 830 2770 hac
844 2714 989 2784 editione,
1003 2715 1134 2790 primum
1146 2718 1217 2780 edit.

22 2876 23 2893 χ
132 2807 320 2885 Glasguensi,
339 2807 428 2876 1744,
443 2825 512 2866 cum
527 2806 775 2883 interpretatione
788 2806 900 2880 latinu,
918 2815 948 2865 et
959 2825 1056 2885 graece
1068 2809 1154 2870 1754.
1166 2815 1216 2873 24.
1310 2855 1312 2864 ,

22 2902 23 2907 ’
132 2900 222 2957 tribus
233 2902 439 2959 voluminibus
451 2901 649 2967 nitidissimis,
664 2906 695 2956 et
713 2897 800 2960 1770.
817 2900 846 2956 8.
863 2901 881 2957 2
896 2900 967 2958 voli.
991 2899 1073 2957 Adde
1086 2899 1217 2964 Londini

140 2993 221 3055 1753.
235 3012 284 3070 op.
301 2993 438 3071 Bowyer.
460 2996 569 3054 Venet.
594 2993 710 3058 1762.8
724 2993 754 3052 *.

174 3087 310 3146 Veniunt
324 3087 447 3146 tandem
463 3089 495 3146 in
510 3105 666 3146 recensum
680 3086 773 3145 hunc.

22 3188 23 3213 ³
136 3181 715 3242 Jo.Com.dePcuwNotaeinPindarum.
744 3179 979 3255 Traj.udllhen.
1013 3182 1099 3248 1747.
1112 3187 1217 3248 atum

210 3284 316 3351 praeter
328 3278 415 3333 vitam
426 3275 556 3345 Pindari,
565 3276 724 3334 Cannicum
733 3277 947 3337 Pindaricorum
961 3274 1144 3355 Fragmenta.
1161 3281 1217 3340 Cn-

221 3369 347 3428 ranitJo.
358 3370 393 3426 G.
403 3369 562 3431 Schneider.
569 3372 683 3448 Argent
698 3367 785 3430 1776.
800 3371 898 3446 tque
910 3368 1220 3445 Voluminihujused.

212 3464 301 3520 tertio
311 3462 421 3521 inserta
428 3473 507 3523 suut.
515 3466 651 3523 Friderici
666 3465 772 3524 uetita
783 3471 883 3523 autem
892 3466 1007 3544 ingenii
1016 3467 1221 3542 ‹lontrinaque

210 3555 376 3630 specimina
390 3557 423 3614 in
434 3557 565 3616 Pindaro
578 3560 611 3616 in
623 3569 761 3618 nostrum
773 3576 942 3618 sermonem
956 3559 1100 3618 vertendo
1114 3559 1219 3617 etillu·

170 3756 336 3809 'liantienrm
361 3770 422 3823 erat,
443 3761 473 3811 V.
495 3763 525 3814 C.
540 3763 682 3814 Rielcrdaar
704 3764 815 3814 clondler
833 3779 919 3814 noram
940 3763 1040 3813 Pindari
1061 3764 1221 3816 mensionem

136 3852 236 3899 perare5
256 3853 336 3885 rernm
349 3839 402 3902 ipae
414 3839 511 3903 privatis
522 3841 605 3890 litteris
617 3842 675 3890 nihi
698 3840 848 3906 significavit,
858 3841 959 3888 alienum
972 3839 1038 3888 reeb
1059 3837 1106 3889 boc
1122 3841 1222 3892 consilio

133 3929 191 3961 esse.
224 3910 419 3973 Andiri'tsmen,
430 3917 501 3964 abeo
512 3927 617 3968 curatam
635 3935 687 3966 esse
710 3920 781 3968 codd.
793 3917 873 3966 Vatis.
895 3913 993 3964 Pindari
1010 3918 1222 3985 comparationem,

133 3999 158 4037 et
168 3990 322 4039 Gnilielmurn
335 3990 421 4040 Clarke
431 3994 526 4056 codiops
535 3994 672 4044 Marcianos
692 3997 795 4060 quinque
807 3993 935 4042 contulisse
956 3993 982 4040 iu
993 3991 1125 4044 Cbsndleri
1145 4013 1224 4051 annm.

132 4070 239 4120 moeso
249 4087 327 4134 porro,
338 4087 369 4120 nc
381 4073 406 4120 in
424 4089 524 4123 errorem
536 4076 634 4132 incides,
642 4075 680 4124 Jo.
694 4092 737 4125 oon
752 4077 793 4124 der
810 4073 897 4124 Duum
907 4072 1053 4122 Prodromurn
1063 4090 1121 4124 noun
1128 4075 1225 4126 Pindari

132 4147 238 4208 ἀέσα“ι,
248 4147 357 4213 Campis,
369 4153 441 4200 1769.
459 4155 485 4201 8.
495 4152 527 4201 sd
537 4151 665 4218 Epitomen
677 4153 761 4204 iliadis
772 4167 895 4218 perperam
913 4151 958 4202 hcc
973 4152 1068 4202 nornine
1087 4151 1222 4215 inscriptam
