2892 4834
224 381 256 446 iv
613 372 924 440 PRAEFATIO.

227 587 366 665 parare.
419 559 521 634 Huic
556 581 643 632 vera
668 558 823 631 consilio
849 553 1109 655 consequendo
1140 552 1312 630 videbam

227 673 333 763 vires',
374 683 552 770 tempora,
579 679 726 744 aetatem
754 681 792 741 et
828 671 958 756 otium,
990 668 1117 754 verbo,
1154 667 1314 740 deficere

227 788 368 873 omnia,
385 783 545 858 necdum
578 805 624 856 eo
652 803 732 854 rem
766 779 962 854 adductam
993 803 1081 866 esse,
1116 789 1158 851 ut
1184 779 1314 850 critica

226 901 383 974 feliciter
394 901 481 973 satis
497 923 541 972 ac
565 905 645 970 tuto
662 897 823 969 exerceri
849 896 982 991 possin
1007 890 1247 992 expendenda
1271 915 1316 964 ac

224 1010 467 1111 praeparanda
489 1031 678 1107 superesse
694 1009 825 1104 plura;
851 1007 1003 1080 omnino
1019 1005 1176 1078 nonnisi
1188 1003 1318 1079 metris

226 1131 393 1193 accurate
417 1119 622 1195 constitutis
643 1116 690 1189 de
712 1126 788 1189 toto
807 1114 968 1191 Pindaro
986 1112 1238 1201 constimendo
1255 1135 1319 1185 co-

225 1231 334 1326 gitari
352 1253 470 1328 posse.
524 1229 636 1309 Quod
649 1231 774 1324 itaque
804 1228 929 1302 animo
957 1229 1052 1304 bene
1082 1226 1321 1320 designatum·

225 1339 421 1424 habebam,
439 1342 603 1412 numeris
616 1341 693 1411 suis
707 1341 930 1424 absolutum,
946 1338 1053 1411 facile
1068 1329 1235 1410 intellexi
1260 1359 1318 1408 re-

224 1451 475 1548 linquendum
494 1473 572 1522 esse
600 1449 683 1523 aliis
697 1447 945 1534 felicioribus,
971 1448 1063 1522 mihi
1089 1457 1210 1522 autem
1227 1448 1316 1520 arri·

224 1565 407 1664 piendum
422 1585 501 1636 esse
525 1563 735 1650 consilium,
754 1562 814 1634 cui
832 1563 1069 1661 exsequendo
1085 1583 1314 1691 Pflfflemi
1353 1638 1357 1647 ,
1420 1585 1421 1594 ³

225 1675 294 1748 etsi
312 1674 412 1747 haud
437 1673 657 1765 nesciebam,
684 1675 821 1770 quibus
835 1673 1080 1748 incommodis
1108 1671 1201 1746 illud
1229 1694 1315 1770 pre-

223 1794 408 1871 meremr3
433 1783 669 1863 retinendam
683 1785 785 1858 enim
801 1784 894 1892 mibi
914 1808 991 1858 esse
1015 1785 1215 1882 antiquam·
1227 1807 1317 1881 ope-

118 1989 127 1999 .
225 1900 277 1971 ris
302 1897 472 1987 formam,
488 1896 726 1974 retinendum
742 1919 820 1968 esse
835 1897 947 1968 variae
972 1897 1140 1970 lectionis
1168 1919 1318 1992 appam-
1402 1963 1407 1970 .

224 2017 317 2096 trun,
335 2009 503 2106 =qunlem
532 2011 654 2106 priore
667 2029 791 2103 ¹opera
813 2009 1062 2094 institueram
1089 2009 1140 2087 ita
1154 2016 1197 2080 ut
1214 2008 1319 2104 prior

224 2121 339 2193 editio
363 2119 500 2224 fundus
516 2141 623 2190 novae
636 2126 740 2203 esset,
765 2118 838 2202 cui,
857 2127 1037 2214 quantum
1053 2119 1192 2205 liceret,
1222 2141 1318 2190 nova

224 2243 264 2304 et
279 2230 434 2303 meliora
448 2239 748 2328 superstruerem.
804 2227 884 2301 Nec
899 2237 1024 2302 tumen
1040 2231 1099 2303 vel
1117 2231 1170 2302 sic
1181 2253 1242 2302 me
1261 2229 1317 2302 ni·

225 2341 281 2416 bil
296 2349 464 2418 actumm
477 2365 555 2415 esse
570 2341 709 2439 putavi,
720 2341 752 2413 si
765 2341 804 2413 in
819 2341 1060 2425 retractanda,
1075 2339 1317 2426 emendanda,
1420 2325 1421 2330 ¹

224 2463 263 2526 et
280 2453 538 2551 locupletanda
561 2453 727 2527 editione
739 2453 861 2549 priore
877 2475 937 2524 me
951 2454 1178 2526 continerem
1193 2480 1201 2536 ς
1229 2473 1318 2548 quae

224 2566 336 2638 bonae
363 2565 481 2661 lingis
503 2565 543 2638 in
569 2562 839 2636 Additamentis
865 2562 1098 2650 haberentur,
1124 2563 1200 2635 suis
1225 2562 1319 2634 locis

225 2675 426 2750 insererem
440 2686 478 2750 et
489 2677 596 2750 novis
611 2676 730 2774 copiis
747 2699 933 2772 augerem.

233 2837 238 2846 ·
277 2786 477 2866 Quaecum
496 2787 584 2861 satis
605 2787 803 2860 constituta
816 2788 942 2860 animo
966 2787 1162 2864 haberem:
1188 2807 1320 2861 cumn·
1412 2855 1415 2862 .

227 2897 320 2971 dum
333 2920 411 2971 esse
427 2897 518 2984 vidi,
531 2907 574 2975 ut
589 2906 710 2971 cetera
723 2898 881 2971 consilio
897 2911 1154 2996 congruerent.
1191 2900 1320 2979 Quan-

225 3008 432 3104 doquidem
449 3010 649 3084 lectionem
670 3008 903 3082 Pindaricum
919 3035 942 3081 a
957 3010 1077 3106 capite
1097 3012 1145 3085 ad
1163 3012 1317 3101 calcem,

225 3120 313 3190 satis
334 3121 518 3214 subtiliter
544 3120 777 3194 emendatam
796 3121 990 3195 redhibere
1023 3146 1098 3196 non
1127 3122 1317 3219 poteram:

226 3232 331 3306 nolui
346 3257 415 3308 nec
425 3247 567 3311 mutare
580 3233 725 3334 aliquid
738 3238 778 3309 in
789 3237 880 3310 loci
893 3238 1052 3332 singulis
1064 3269 1073 3324 ;
1087 3239 1158 3312 nisi
1171 3243 1317 3336 quoties
1343 3283 1348 3290 ·

227 3355 420 3448 manifesta
428 3350 516 3423 vitia
523 3346 1122 3445 emuttollenda3apponeremalui
1129 3349 1318 3443 judicium

228 3497 271 3544 ac
286 3485 478 3544 censuram
489 3461 529 3533 in
541 3459 625 3531 Var.
643 3459 743 3532 Lect:
762 3469 800 3531 et
810 3460 850 3531 in
861 3458 967 3532 Notis
981 3489 990 3545 ;
1008 3483 1075 3532 nec
1092 3461 1319 3556 proerbitn'o
1357 3457 1362 3465 ’

225 3580 464 3685 pronuntiare
482 3573 694 3671 (molestum
708 3572 809 3644 enim
827 3593 904 3644 esse
917 3572 1059 3668 putavi)
1075 3593 1122 3642 ne
1138 3579 1216 3643 tum
1237 3574 1319 3668 qui-

226 3696 325 3780 dem,
342 3715 429 3766 cum
440 3685 534 3759 mibi
548 3683 694 3758 videret
707 3683 850 3756 veriora
865 3685 1042 3781 reperisse
1057 3711 1066 3768 ;
1096 3681 1226 3756 saltem
1239 3705 1316 3761 nan

227 3807 299 3879 nisi
320 3801 454 3876 caussis
476 3808 513 3871 et
534 3796 741 3869 rationibus
762 3795 960 3891 appositis3
986 3815 1112 3866 sensus
1134 3795 1235 3868 enim
1256 3817 1317 3868 me
1334 3886 1337 3896 Ι

226 3937 331 3990 meus
347 3912 465 3995 docet,
491 3906 567 3981 noir
586 3929 715 3980 vacare
741 3906 812 3979 hoc
828 3905 1009 4004 superbia,
1032 3905 1075 3990 si,
1094 3905 1133 3978 in
1150 3905 1317 3979 virorum

226 4027 424 4099 doctorum
436 4019 608 4104 dissidiis,
623 4017 715 4115 quid
729 4019 797 4090 tibi
813 4019 964 4114 placeat,
983 4017 1136 4114 pinecise
1155 4038 1317 4111 pronun-

226 4144 307 4227 ties,
333 4157 460 4212 caussa
478 4133 613 4229 judicii
639 4133 706 4219 tui,
727 4153 793 4204 cur
810 4123 860 4204 ita
876 4153 1033 4217 censeas,
1058 4153 1125 4204 cur
1141 4130 1213 4202 alia
1232 4129 1320 4224 reji-

227 4265 313 4349 cias,
331 4261 402 4335 alia
413 4256 595 4344 admittas,
609 4279 687 4330 nun
702 4255 850 4353 addita3
877 4254 916 4329 id
932 4253 1032 4354 quod
1049 4253 1169 4328 multo
1186 4253 1319 4326 moles-
