2892 4834
513 321 860 434 ''ennrarra
1154 375 1211 438 nx

133 551 334 644 bodleiani,
358 553 613 653 suppeditant:
655 557 790 628 sensim
811 557 1033 652 sensimque,
1050 567 1088 628 et
1116 561 1210 632 mul-

131 677 163 740 to
176 669 296 764 magis
312 668 361 741 ab
382 668 532 763 Olymp.
549 665 637 740 inde
658 689 696 738 x.
706 669 772 740 43.
791 667 956 740 omittere
976 670 1073 764 coepi
1087 669 1212 744 lectio-
1239 668 1244 674 ’

131 796 191 850 nes
200 780 315 852 nimis
325 779 423 852 leves
433 787 471 850 et
482 801 599 849 meras
611 778 857 851 aben-stiones
874 779 1064 853 dialective
1079 782 1210 855 immu-

132 888 301 975 tationes;
326 890 398 965 nisi
414 876 486 961 alia
501 896 595 961 esset
618 889 711 961 ratio
728 891 866 978 critica,
887 913 973 986 quae
989 891 1212 992 suaderet‘nt

130 1023 362 1096 apponerem.
412 1001 508 1074 Nam
527 1000 566 1070 in
586 998 738 1078 Nemeis
754 1009 791 1074 et
807 1003 846 1073 in
864 1002 1037 1089 Isthmiis,
1055 1004 1102 1076 ad
1127 1029 1212 1102 quae

130 1112 248 1185 nullus
259 1137 330 1185 nec
345 1110 528 1187 Schmidii
545 1135 614 1184 nee
644 1111 920 1192 Oxoniensium
936 1115 1053 1188 codex
1070 1139 1214 1213 proces.

130 1224 183 1308 sit,
198 1233 311 1321 atque
331 1225 442 1298 etiam
468 1225 507 1296 in
535 1222 689 1319 Pythiis,
708 1247 794 1320 quae
824 1225 899 1298 duo
933 1236 1076 1300 tantum
1102 1229 1214 1303 codd:

132 1335 216 1408 alter
227 1335 457 1410 Bodleianus
469 1366 505 1430 γ.
525 1336 617 1408 alter
640 1334 829 1410 Palatinus
844 1336 891 1412 C.
909 1340 1212 1437 complectuntur,

133 1444 278 1518 Aldinae
301 1458 340 1519 et
367 1446 547 1518 Romanae
571 1448 830 1544 comparandae
856 1451 974 1531 multo
1003 1451 1215 1547 diligentio-

126 1579 200 1628 rem
216 1557 352 1630 addixi
370 1581 532 1655 operam.
585 1557 752 1632 Subinde
781 1562 892 1635 etiam
923 1562 1059 1636 laboris
1086 1585 1214 1662 perse

133 1679 200 1740 tam
212 1692 348 1766 panim
368 1670 528 1762 jucundi
561 1669 715 1743 taedium
736 1695 781 1743 eo
798 1671 927 1758 levavi,
961 1685 1013 1760 nt,
1042 1675 1151 1749 lectio
1181 1678 1239 1750 si·

133 1803 202 1876 qua
212 1782 344 1879 paullo
360 1779 638 1857 memorabilior
644 1790 863 1868 occurreret,
880 1782 928 1857 ad
941 1806 1023 1856 eam
1035 1785 1216 1859 illustr-an.

132 1895 213 1971 dam
227 1899 476 1979 subsisterem,
489 1905 527 1968 et
551 1897 662 1968 breve
673 1893 873 1987 judicium,
903 1896 1013 1968 etiam
1029 1896 1077 1968 de
1094 1921 1216 1994 emen·
1237 1987 1241 1998 .

132 2008 339 2083 dationibus
371 2007 619 2099 Sebmidianis
661 2015 698 2079 et
723 2004 941 2092 Pauwianis,
975 2007 1217 2103 subjiperem3

132 2121 247 2194 multo
259 2120 582 2215 veromagistum,
596 2141 682 2192 cum
695 2117 1218 2194 distinctionessententiarum

33 2260 34 2273 ¹
132 2245 366 2320 mutaveram,
396 2233 468 2306 hoc
499 2232 592 2305 mihi
625 2233 752 2319 sumsi,
789 2241 831 2304 ut
859 2233 907 2306 ad
937 2234 1222 2310 endntationum¹

133 2349 360 2442 poeticarum
394 2366 534 2427 nexum
567 2367 696 2441 pauca,
734 2353 771 2416 et
801 2344 969 2431 breviter,
984 2345 1214 2440 adjicerem.

33 2460 34 2553 g
135 2457 256 2554 Atque
271 2457 342 2533 bac
354 2455 509 2553 quidem
526 2464 627 2552 parte
638 2476 763 2552 operae
775 2460 868 2527 meae
885 2479 946 2528 me
960 2459 1218 2554 putogratiam
1314 2485 1319 2492 ’
1415 2421 1416 2452 ¹

33 2558 34 2563 ¹
134 2569 296 2667 aliquam
310 2567 411 2670 apud
422 2568 576 2654 lectores
598 2566 907 2654 Pindariiniisse,
933 2568 1035 2664 quod
1051 2570 1246 2664 innume-¹
1374 2628 1377 2636 .

135 2681 182 2754 ris
209 2683 252 2754 in
277 2681 370 2755 locis
398 2701 527 2776 pravas
557 2678 822 2762 distinctiones,
856 2680 994 2776 quibus
1025 2684 1218 2756 sententiae

135 2804 250 2889 poetae
261 2795 396 2867 misere
412 2794 517 2875 erant
531 2791 693 2865 distortae
705 2790 915 2888 freamque,
931 2792 1153 2890 plerumque
1170 2805 1221 2868 ta-

33 2994 34 3005 }
137 2905 216 2991 cite,
246 2905 393 2984 susurli.
440 2902 486 2976 ln
501 2913 577 2975 tam
593 2903 748 2976 concisis
764 2913 811 2988 et,
823 2903 1080 3000 ,propositione
1094 2929 1169 2977 una
1185 2915 1252 2980 et,

139 3018 246 3091 altera
257 3015 1222 3112 mediaomissaabruptisbiautibusqueenuntiatio·
1295 3003 1296 3008 ¹
1415 3009 1416 3024 ¹

140 3131 255 3216 nibm,
265 3151 424 3227 quarum
436 3149 662 3218 nexumnon
676 3127 892 3222 assequaris,
907 3126 978 3199 nisi
989 3135 1110 3224 poeta
1120 3151 1222 3226 mag.

139 3264 201 3316 nos
214 3241 448 3338 audacesque
466 3239 582 3312 animi
599 3246 721 3311 motus
733 3238 857 3311 animo
870 3247 908 3310 et
924 3240 1003 3336 ipse
1020 3241 1234 3331 revolvere,-

33 3380 34 3437 3
141 3354 252 3428 divini
262 3353 409 3426 afflatus
424 3365 602 3447 tanquam
617 3370 744 3424 auram
755 3400 758 3406 ,
770 3351 996 3424 alludentem
1014 3352 1220 3453 concipere,

141 3469 326 3564 lyrieoque
337 3465 478 3562 impetu
511 3462 629 3536 calere
652 3463 779 3559 possis,
809 3451 1102 3559 interpungendi
1129 3466 1221 3536 ratio

33 3634 34 3673 ,
139 3603 233 3677 aaepe
244 3585 302 3650 est
316 3573 673 3672 longedifficillima.
728 3575 933 3672 Supersunt
947 3582 984 3646 et
993 3573 1092 3646 mihi.
1100 3572 1223 3648 adhuc

141 3717 213 3766 non
223 3690 406 3790 pausam
422 3689 557 3785 quibus
567 3687 744 3785 adpoetae
771 3677 949 3760 sublimes
964 3707 1091 3758 sensns
1105 3707 1224 3760 assur-

139 3827 223 3899 gere
238 3823 397 3899 nequeo,
414 3800 593 3881 utstatim
627 3797 780 3897 Olymp.
800 3798 843 3871 ii.'
855 3793 918 3870 96.
946 3817 1027 3894 sqq.
1080 3797 1225 3874 Schmi-

140 3914 254 4002 dium,
272 3913 383 3986 etiam
394 3913 433 3986 in
450 3908 739 4008 interpungendi
757 3908 909 3996 ratione,
927 3911 1224 4005 sequunturOX-

141 4027 319 4110 onienses,
338 4025 409 4100 nisi
437 4022 538 4120 qood
564 4024 683 4096 multo
713 4023 835 4096 etiam·
850 4022 958 4119 plura
974 4019 1042 4094 hac
1072 4022 1224 4120 quidem

141 4147 241 4232 parte
254 4137 301 4210 ab
320 4135 365 4210 iis
381 4134 577 4232 depravata
604 4147 709 4220 suut;
740 4133 950 4208 Schmidius
973 4109 1098 4214 ,adrem
1127 4135 1224 4209 male

143 4249 370 4345 Stephanum
401 4245 572 4334 deseruit,
598 4248 663 4344 qui
682 4248 799 4320 multa
823 4246 968 4339 melius
996 4245 1237 4333 distinxerat„
1275 4263 1280 4270 ’

144 4383 253 4455 pravo
264 4385 350 4435 vero
364 4359 566 4434 rhetorices
585 4359 720 4448 stcrdio,
731 4360 941 4461 quomorbo
959 4361 1022 4446 illa
1033 4357 1225 4440 artaslabo

180 4570 199 4621 4
