2892 4834
233 370 263 432 vi
619 365 930 439 pressim.

230 538 1171 649 oem‚autquaeipsediffieiiora’essee'tobscirion
1191 569 1318 636 sesne:
1421 587 1422 590 ’

229 685 321 737 ram.
369 662 413 735 ln
426 663 485 736 his
497 664 649 761 quidem
667 677 852 762 postremo
869 669 952 741 loco
966 671 1177 744 memoratis
1188 673 1310 747 visum

229 780 432 851 estversari
443 779 508 865 sic,
525 781 735 876 utquoties
750 781 913 856 viderem
928 805 1078 856 manere
1092 786 1309 862 sententiam
1421 813 1422 894 ]

226 890 451 986 ambiguam,
467 915 537 964 nec
552 892 882 990 remadliquidum
893 894 1045 992 perduci
1056 917 1173 994 posse,
1191 900 1312 972 varios
1421 989 1422 994 Ἰ

225 1004 355 1077 modos
369 1029 603 1104 exponerem,
618 1007 754 1104 quibus
774 1010 955 1082 sententia
972 1011 1051 1084 erui
1073 1033 1118 1082 ae
1135 1013 1308 1086 constitui

222 1127 361 1213 posset;
379 1116 449 1190 hoe
461 1120 559 1211 enim
568 1117 680 1189 modo
690 1118 785 1192 effici
796 1129 960 1217 possent
968 1131 1032 1226 apt
1040 1123 1119 1219 ipsc
1128 1123 1308 1197 veriorem

220 1228 400 1301 rationem
414 1230 618 1319 invenirem
626 1239 689 1302 aut
701 1229 749 1301 ad
762 1248 843 1303 enm
852 1231 1052 1306 eruendam
1064 1245 1103 1306 et
1118 1236 1311 1310 invenien-

220 1337 306 1412 dam
323 1339 406 1412 aliis
421 1341 518 1414 viam
532 1342 727 1439 aperirem.
768 1341 872 1434 Solet
887 1345 988 1416 enim
1004 1345 1157 1416 omnino
1173 1347 1211 1418 in
1226 1345 1311 1420 her-

219 1451 436 1524 aromaticis
451 1461 488 1524 et
503 1453 640 1526 criticis
650 1473 718 1526 usn
730 1455 854 1526 venire
866 1454 965 1526 idem
981 1453 1081 1551 quod
1094 1455 1248 1530 medicis
1265 1459 1314 1552 in‘
1373 1550 1376 1556 Ι

221 1561 362 1634 morbis
378 1562 583 1649 medendis,
600 1565 724 1650 tibiis,
742 1567 806 1662 qni
825 1567 958 1638 ultimo
974 1566 1056 1638 loco
1071 1589 1096 1638 r
1220 1621 1233 1656 ,
1249 1559 1310 1642 re-

220 1671 365 1760 mediis,
383 1699 467 1772 quse
478 1677 559 1772 jam
570 1677 618 1750 ab
635 1676 717 1748 aliis
728 1684 865 1749 tentata
879 1676 1034 1765 literant,
1052 1679 1122 1751 sibi
1264 1681 1308 1768 's,

218 1783 372 1872 iseilim,
390 1786 576 1860 interdum
595 1809 693 1874 casu,
714 1788 878 1862 incidere
894 1798 1013 1885 potest
1028 1791 1066 1861 in
1086 1810 1224 1862 novum
1240 1791 1309 1864 ali-

217 1895 319 1991 quod
345 1891 563 1985 remedium,
580 1897 679 1994 quod
697 1900 827 1970 ceteris
851 1900 1033 1972 salubrius
1051 1901 1110 1971 sit.
1162 1900 1259 1978 Quae
1272 1902 1309 1976 si

215 2008 502 2094 recondemur,
518 2008 724 2082 modestius
740 2007 834 2086 forte
850 2010 1066 2084 sentiremus
1080 2009 1129 2080 de
1146 2008 1309 2085 inventis

217 2119 387 2213 qrmmvis
411 2117 600 2187 felicibust
624 2115 696 2188 nisi
722 2117 823 2187 enim
852 2117 914 2188 alii
941 2127 1026 2191 ante
1052 2139 1121 2190 uos
1145 2119 1308 2215 impedi.

215 2237 339 2306 menta
360 2226 607 2310 removissent,
624 2225 685 2297 via
700 2225 810 2298 nobis
823 2227 939 2300 libera
953 2239 991 2300 et
1006 2229 1177 2326 expedita
1201 2231 1306 2308 haud

196 2342 327 2426 ‘esset3
354 2339 406 2410 ita
421 2347 563 2436 partem
588 2336 758 2432 gloriolae
783 2347 918 2411 nostrae
944 2337 1042 2412 haud
1069 2341 1244 2437 exiguam
1258 2345 1303 2419 in

214 2451 325 2525 rebus
338 2473 404 2524 sen
421 2450 593 2546 gravibus
606 2471 673 2522 sen
684 2449 843 2522 exilibus
853 2449 1029 2522 debemus
1046 2450 1215 2540 aliorum,
1232 2457 1303 2550 qni
1421 2457 1422 2504 ἐ

212 2573 298 2636 erite
313 2587 381 2636 nos
397 2561 526 2636 eadem
540 2570 778 2647 tentaverant,
804 2562 1000 2636 erroribus.
1053 2563 1220 2638 Omnino
1245 2576 1304 2639 est

213 2676 415 2751 admodum
433 2677 577 2752 diversa
591 2675 755 2750 conditio
767 2672 857 2772 ejus,
877 2677 941 2774 qui
961 2676 1302 2774 interpretationem

212 2811 301 2864 cum
326 2789 452 2864 critica
474 2789 683 2886 conjungit,
698 2799 737 2860 et
752 2788 904 2886 quidem
921 2809 988 2887 per
1002 2795 1123 2862 totum
1146 2789 1300 2877 librum,

212 2912 250 2975 et
263 2903 355 2997 cjns,
373 2902 440 3000 qui
455 2901 620 2974 criticam
636 2899 753 2973 solam
769 2909 909 2986 mactat,
926 2911 963 2974 et
979 2897 1188 2988 desultoris,
1207 2901 1303 2976 deli·

187 3014 339 3086 'bando
366 3036 452 3112 qnae
478 3013 648 3100 voluerit,
667 3024 705 3087 et
731 3013 963 3087 sirbsistendo
989 3013 1027 3085 in
1054 3013 1100 3086 iis
1120 3013 1224 3098 locis,
1254 3015 1298 3087 in

213 3127 349 3225 quibus
363 3123 508 3224 aliquid
520 3124 633 3199 habet
647 3124 748 3223 qnod
760 3125 886 3199 afferat
900 3153 909 3210 ;
935 3147 1021 3196 oum
1038 3123 1152 3210 alteri,
1170 3124 1201 3198 si
1215 3125 1302 3220 qni·

212 3239 299 3313 dem
317 3233 487 3334 religiose
500 3237 665 3311 officium
682 3239 771 3311 boni
789 3237 993 3334 interpretis
1017 3236 1111 3308 tueri
1128 3236 1301 3324 voluerit,

210 3351 405 3424 necessitas
420 3349 593 3446 imposita
605 3351 664 3436 sit,
681 3348 833 3447 nequid
850 3347 1003 3433 omittat,
1015 3345 1116 3443 quod
1132 3347 1215 3420 aliis
1227 3347 1299 3420 im.
1421 3353 1422 3364 ³

210 3461 377 3562 peditum
392 3470 431 3534 et
445 3463 647 3533 obscurum
668 3483 746 3534 esse
770 3461 895 3558 possit.
948 3458 1127 3553 Magnam
1144 3480 1301 3554 quoque

210 3579 251 3651 in
269 3576 329 3650 his
340 3575 418 3648 rim
435 3573 546 3646 habet
560 3568 640 3669 ip'sn
654 3581 753 3657 aetes,
771 3579 809 3642 et
825 3570 906 3642 lieri
923 3579 1051 3667 potest,
1069 3577 1112 3641 ut
1126 3578 1301 3643 senectus

206 3689 340 3762 timide
359 3687 518 3759 nimium
533 3693 572 3756 et
591 3693 696 3757 caute
711 3681 895 3756 molestias
915 3683 985 3754 sibi
1002 3681 1156 3776 aliisque
1181 3691 1297 3770 creet,

209 3821 298 3872 cum
319 3799 495 3892 juventus
517 3795 638 3869 calore
666 3798 829 3892 abrepta,
848 3816 932 3890 quse
958 3793 1078 3889 primo
1099 3793 1295 3866 oculorum

205 3909 391 4006 conjectni
403 3930 443 3980 se
453 3907 676 3994 obtulerunt,
693 3929 762 4004 pm
777 3904 884 3978 certis
894 3912 930 3976 et
942 3901 1293 4000 exploratishabeet.

209 4021 465 4102 Exhilaratum
481 4043 542 4125 me
558 4019 688 4102 sentio,
704 4017 735 4090 si
751 4037 862 4114 quem
881 4013 1025 4090 videam
1042 4023 1116 4088 tam
1131 4013 1295 4102 felicem,

202 4144 250 4209 »ut
264 4133 312 4208 de
327 4131 430 4206 nulio
442 4152 495 4216 re,
512 4153 624 4227 qnam
639 4132 718 4228 ipse
733 4128 935 4228 protulerit,
952 4139 1015 4201 ant
1029 4127 1108 4225 ipse
1123 4125 1295 4223 ambiget
1421 4141 1422 4150 ¹

162 4333 169 4358 ,
204 4237 272 4365 'pist
283 4247 332 4320 ab
348 4243 429 4321 aliis
445 4242 584 4340 ambigi
601 4266 705 4342 posse
721 4265 764 4318 ac
776 4239 909 4316 debere
920 4249 1074 4318 censeat.
