2892 4834
233 321 285 385 viii
518 353 524 369 ·
631 271 939 389 PRAEFATIO.

232 506 418 605 quomodo
441 508 685 603 'conjectando
708 499 805 583 necte
829 509 1091 607 exequamur?
1124 508 1310 583 Insidebat

229 622 365 705 animo,
381 618 528 693 Pindari
546 631 671 707 metm,
690 646 891 719 eorumque
904 620 1243 719 componendorum
1254 642 1311 691 ru-

228 732 367 805 tionem
383 732 552 807 debuisse
576 756 652 807 eme
676 735 996 832 simplicissimam,
1019 744 1061 807 ut
1080 735 1313 830 reliquorum,

227 852 390 915 veterum
403 843 621 939 lyricorum
647 846 978 927 subtilioresenim
996 855 1034 918 et
1048 846 1306 941 exquisitiores

228 978 464 1027 numerorum
474 965 510 1027 et
518 956 713 1029 modorum
724 958 882 1029 rationes
899 982 975 1031 non
987 959 1057 1031 nisi
1070 980 1137 1054 per
1147 956 1307 1060 musicos

226 1076 353 1141 cantus
368 1066 565 1141 studiosius
591 1069 981 1155 elebomtus„mexime
997 1070 1037 1144 in
1052 1092 1172 1154 soene,
1189 1091 1309 1140 auces-

225 1177 313 1249 sisse
337 1179 525 1265 novimus;
561 1180 864 1277 subrismumque
883 1178 976 1252 udeo
993 1201 1073 1253 esse
1091 1176 1305 1264 Pindarum,

224 1292 254 1362 si
272 1292 510 1377 revivisceret,
528 1294 744 1366 nominibus
764 1294 822 1367 his
843 1294 1010 1367 mirificis
1026 1302 1226 1366 metrorum
1244 1316 1306 1366 uu·

224 1400 321 1475 ditis.
349 1400 465 1497 Igitur
479 1402 525 1475 ud
539 1406 669 1499 priseae
685 1407 801 1483 estatis
815 1406 1087 1503 simplieitatem
1102 1400 1308 1477 revocando

224 1534 301 1585 esse
333 1516 457 1585 omnia
485 1516 698 1597 statuebam.
752 1516 973 1591 suavitatem
1000 1523 1237 1591 numerorum
1264 1514 1307 1589 iu

223 1624 348 1697 multis
364 1627 575 1715 sentiebam,
593 1628 622 1699 si
641 1627 688 1699 ad
706 1652 878 1701 numeros
898 1636 935 1701 et
957 1629 1050 1701 ictus
1076 1602 1200 1699 veiffl
1215 1627 1307 1702 reei-

217 1734 372 1821 tubum,²
394 1747 430 1807 at
452 1739 551 1809 enim
573 1739 734 1811 eundem
749 1761 893 1813 versum
912 1762 1010 1835 saepe
1034 1738 1205 1811 videbam
1227 1762 1306 1811 nou

223 1872 309 1920 unu'
326 1848 436 1921 modo
464 1852 503 1923 in
527 1852 685 1924 diversas
709 1852 956 1925 formas'reete
968 1851 1151 1947 dispesei3
1177 1874 1306 1947 quam·

221 1984 307 2033 nam
335 1954 602 2058 preferendam
623 1962 796 2048 dicerem,
814 1985 891 2033 non
913 1961 1108 2035 habebam.
1150 1962 1307 2058 Supere-

220 2082 304 2143 rsnt
319 2072 400 2157 alia,
425 2074 464 2143 in
490 2072 623 2166 quibus
643 2074 735 2144 intio
752 2083 790 2144 et
805 2094 931 2143 sensus
945 2073 1091 2145 aurium
1102 2072 1307 2167 judicium-

221 2206 296 2279 que
314 2204 374 2253 me
390 2182 618 2255 destituebat.
672 2182 734 2255 Ad
750 2184 896 2256 aurium
912 2184 1013 2257 enim
1024 2184 1210 2278 judicium
1228 2186 1307 2282 ple-

221 2312 335 2389 mque
349 2292 479 2378 redire,
492 2292 597 2367 facile
611 2304 692 2368 erat
707 2295 754 2369 ud
770 2293 1037 2391 assequendum
1051 2324 1060 2376 ;
1087 2305 1211 2367 utnon
1228 2304 1305 2369 tam

220 2406 325 2479 faeile
338 2408 616 2503 assequendum,
631 2410 739 2505 quale
755 2410 848 2483 iilud
863 2406 1013 2481 Pindari
1026 2408 1163 2491 fuisset,
1181 2419 1255 2496 aut,
1271 2412 1304 2485 si

221 2541 347 2591 meum
364 2541 546 2615 sequerer,
560 2544 634 2615 qua
645 2524 857 2594 auctoritate
868 2520 940 2593 hoe
955 2520 1167 2593 stabilirem.
1203 2518 1306 2599 Quo-

220 2629 332 2701 modo
349 2628 501 2703 enimin
517 2652 695 2718 sermone,
713 2634 822 2727 cujus
838 2655 926 2707 usus
937 2642 974 2704 et
988 2655 1074 2705 vera
1091 2632 1306 2727 pronuntio

219 2742 271 2837 tio
296 2752 380 2815 unte
408 2740 507 2813 mille
532 2764 647 2815 annos
673 2744 843 2829 exolevit,
858 2743 905 2815 de
921 2753 1009 2816 tono
1026 2750 1064 2815 et
1078 2752 1241 2828 accentu,
1255 2742 1305 2816 de

220 2851 407 2948 euphonia
423 2860 460 2924 et
478 2850 710 2948 eurhythmia
729 2856 808 2926 sine
828 2852 1056 2927 haesiutione
1082 2855 1303 2929 statuerem?

219 2967 336 3037 mutto
354 2967 481 3061 magis,
499 2988 585 3037 cum
613 2966 652 3038 in
680 2966 759 3063 ipsa
783 2964 942 3051 Giuecia,
969 2964 1016 3037 ab
1039 2965 1305 3060 antiquissimis

164 3107 168 3116 ·
220 3072 315 3146 inde'
328 3077 567 3170 temporibus,
586 3100 662 3149 non
686 3075 816 3149 eadem
839 3077 990 3173 ubique,
1008 3098 1074 3149 nee
1093 3098 1158 3171 per
1173 3096 1305 3149 omnes

138 3208 142 3225 ¹
220 3194 355 3269 aetates,
371 3208 437 3259 nee
449 3210 515 3285 per
530 3210 678 3260 omnem
696 3188 880 3261 Graeeiem
896 3189 1143 3283 pronumtiatio
1156 3187 1306 3263 obtinu-

218 3298 312 3372 erit?
338 3300 492 3397 quidde
511 3302 672 3389 AEolum,
693 3302 834 3375 Dorum
852 3300 1178 3399 pronuntiatione?
1209 3300 1304 3398 quid

218 3408 265 3483 ue
283 3410 437 3483 deiecto
456 3410 617 3484 Pindaro
629 3414 802 3510 propria?
828 3436 902 3509 qua
917 3410 993 3485 sue
1015 3413 1096 3485 ans
1110 3409 1305 3507 persaeu-
1427 3385 1428 3424 ³

217 3545 307 3608 rem,
327 3521 418 3617 quid
436 3520 586 3601 Pindari
600 3525 751 3596 auribus
774 3526 969 3619 probatum
983 3524 1107 3606 fuerit,
1126 3518 1216 3616 quid
1231 3522 1303 3594 mi·
1427 3533 1428 3562 ³

217 3634 315 3707 nus?
349 3632 391 3705 ln
418 3635 499 3730 ipso
524 3634 641 3730 patrio
666 3658 833 3708 sermone
863 3636 1032 3709 videbam
1054 3652 1168 3727 quam
1185 3632 1305 3704 umbi·
1427 3665 1428 3740 j

72 3814 75 3833 ι
216 3767 333 3839 guum
350 3758 386 3819 et
402 3746 513 3819 fallax
529 3746 577 3817 sit
587 3748 733 3820 aurium
743 3748 931 3844 judicium
945 3777 954 3833 ;
982 3744 1099 3817 multo
1123 3739 1240 3835 magis
1259 3742 1302 3813 in

216 3854 525 3950 linguis'uliorum
545 3860 971 3959 populomm‚equibus
987 3852 1302 3930 nisiadvenaslo-
1427 3911 1428 3916 ,

124 3968 129 3975 '
217 3976 376 4065 quentes·
393 3970 562 4058 audieris,
592 3969 639 4043 de
665 3982 752 4045 tono
781 3984 816 4046 et
837 3979 986 4045 accentu
1010 3968 1179 4063 judicare
1203 3985 1304 4035 nun·
1427 4037 1428 4044 ἵ

217 4098 330 4175 quum
342 4078 427 4152 licet
438 4112 448 4169 3
473 4070 727 4179 quidtandem
739 4084 779 4158 in
792 4084 944 4179 linguis,
957 4103 1116 4179 quarum
1132 4099 1219 4150 usus
1231 4073 1300 4173 du·
1427 4133 1428 4146 ,

216 4188 309 4267 dum
324 4190 474 4285 interiit,
487 4194 730 4271 audebimus?
757 4195 890 4273 Groeou
905 4193 1119 4293 pronuntiet
1135 4184 1298 4290 quisque
