2892 4834
223 364 265 429 nr
619 331 927 423 onerario.

223 555 411 649 poetarum
438 546 550 639 hujus
577 542 724 641 generis
748 552 887 615 servata
910 543 1061 637 majoris
1087 546 1199 619 etiam
1224 499 1302 621 rno-

224 662 339 735 menti
356 666 452 743 sunt,
470 652 571 753 quod
588 660 626 726 et
639 648 818 725 sermonis
841 652 1052 748 lyricorum,
1069 665 1107 727 et
1120 656 1301 743 metrices‚
1430 651 1431 656 ’

224 782 262 845 et
287 766 497 865 argumenti
523 766 569 837 ab
591 765 635 836 iis
660 765 804 836 tractati
830 759 981 860 vestigia
1011 765 1301 841 subministrant.
1430 805 1431 818 ,

227 881 393 955 Collecta
418 875 570 950 Pindari
590 876 807 971 Fragmenta
821 873 907 949 sunt
923 876 1132 950 incredibili
1149 901 1235 951 cum
1250 880 1304 949 la-
1398 920 1404 927 ·

224 992 433 1070 boreaviro
443 988 665 1073 doctissimo,
680 987 706 1060 S
720 1012 741 1059 c
753 1010 780 1059 a
795 1012 821 1060 n
838 1011 861 1059 n
878 1010 892 1058 ι
909 1012 935 1060 n
948 1010 972 1059 a
986 1010 1014 1059 n
1026 1012 1062 1075 o,
1075 997 1159 1063 ante
1171 1006 1302 1062 xxur.
1431 1025 1432 1032 κ

224 1128 362 1189 annos;
391 1100 498 1175 facile
513 1100 560 1175 ab
576 1122 620 1173 eo
637 1099 840 1195 impetravi,
857 1107 900 1170 ut
915 1098 1040 1173 liceret
1055 1124 1098 1172 ea
1111 1110 1305 1173 retractare
1431 1193 1432 1198 Ἰ

225 1226 262 1289 et
284 1214 374 1287 huic
394 1211 556 1285 editioni
569 1211 742 1296 inserere,
768 1232 863 1282 noro
888 1230 975 1283 cum
1000 1211 1173 1298 instituto,
1197 1221 1307 1285 ntea

225 1318 442 1404 collticarem
457 1323 531 1397 olio
547 1322 675 1395 ordine
691 1330 729 1394 et
740 1320 948 1417 digererem
971 1320 1173 1396 secundum
1192 1322 1308 1419 scrip-
1431 1375 1432 1394 ,

223 1450 331 1524 tores,
350 1436 415 1533 qui
431 1434 497 1507 illa
514 1443 727 1519 servarunt;
757 1456 855 1518 cum,
871 1433 901 1505 si
919 1432 991 1505 hoc
1008 1456 1192 1520 noralem,
1209 1432 1308 1530 adje-

226 1562 286 1630 cto
310 1549 485 1648 practerea
501 1546 623 1621 indice
647 1546 877 1642 singulorum
893 1547 1069 1634 locorum,
1093 1549 1144 1622 ita
1160 1548 1309 1621 effectu-

225 1682 309 1735 rum
322 1684 382 1734 me
395 1682 471 1733 esse
483 1658 658 1747 viderem,
672 1666 712 1731 ut
725 1659 923 1754 inpromtu
936 1661 993 1745 sit,
1003 1660 1034 1732 si
1047 1679 1121 1757 qua
1132 1660 1204 1731 alia
1213 1658 1309 1754 frag·

122 1758 128 1769 '
225 1782 349 1845 menta
364 1792 403 1843 se
419 1769 630 1857 obtulerint,
648 1770 729 1842 nis
753 1790 797 1841 ea
821 1765 921 1857 locis,
935 1772 1104 1855 inserere,
1123 1770 1328 1867 simulque¹

204 1872 206 1877 ¹
227 1882 386 1981 reperire
399 1880 549 1977 eaquae
561 1880 642 1975 jam
657 1880 696 1951 in
711 1903 863 1952 recensu
880 1879 974 1955 lacto
987 1880 1183 1953 habentur.
1213 1882 1309 1961 Quae

225 1992 362 2069 auxilia
377 1990 594 2065 etsubsidia
609 2014 695 2059 cum
711 2000 819 2060 autea
833 1990 1021 2088 deessent:
1060 2000 1256 2086 potuerunt
1270 1992 1309 2065 in

228 2112 595 2186 Suunnrpnnr
619 2097 1092 2197 recensudesiderartquie
1109 2104 1146 2173 in
1164 2104 1311 2177 eolate.

226 2222 326 2301 bant,
351 2220 388 2303 et
412 2212 532 2305 potuit
551 2230 639 2295 esse,
657 2208 724 2304 qui
744 2210 1005 2305 pronuntiaret,
1022 2209 1309 2307 fragmentorum

227 2336 367 2427 partem
397 2344 568 2415 magnam
601 2318 1007 2395 Sensuro-anua
1038 2320 1201 2418 fugisse3
1236 2326 1310 2398 vel-

148 2460 149 2465 ’
227 2437 302 2513 lem
317 2456 436 2508 unum
461 2440 498 2503 et
521 2430 674 2505 alterum
696 2432 908 2529 exemplmn
928 2434 1137 2531 appositum
1155 2434 1306 2511 fuisset!
1434 2455 1435 2520 t

230 2547 406 2643 Carmina
424 2540 588 2629 Pindari,
605 2566 625 2615 e
643 2544 779 2639 quibus
792 2544 998 2640 fragmenta
1010 2536 1215 2643 supersunt,
1233 2572 1310 2622 me-

229 2666 370 2735 morata
394 2665 479 2729 sunt
503 2652 550 2725 ed
572 2654 708 2727 calcem
729 2655 769 2728 in
794 2656 942 2729 Ordine
966 2653 1308 2753 Frupmeutortcm.

231 2774 401 2852 Quorum
416 2776 592 2865 praeterea
604 2767 808 2839 carminum
824 2768 1008 2848 nominaa
1026 2766 1140 2861 Suida
1155 2778 1218 2842 aut
1229 2770 1311 2843 aliis

229 2892 353 2958 notata
365 2888 459 2965 sunt,
478 2877 551 2952 lide
567 2897 643 2951 non
660 2878 799 2975 ubique
815 2882 899 2952 satis
915 2890 1023 2966 certa,
1042 2902 1086 2951 ea
1096 2879 1211 2955 videri
1229 2906 1312 2979 pos-

147 3020 156 3039 ,
229 3006 315 3069 sunt
339 2994 378 3066 in
408 2990 583 3063 Biblioth.
602 2988 672 3063 (ἔτί
688 2988 1087 3064 Fabricio-Harloeiana
1101 3001 1192 3065 tom.
1209 2993 1250 3067 ii.
1268 3016 1309 3090 p.

230 3108 292 3179 78.
310 3129 365 3201 sq.
380 3102 441 3175 hic
456 3126 499 3174 ea
514 3122 803 3173 commemorare
814 3126 909 3199 opus
920 3126 995 3175 non
1012 3105 1100 3175 e'rat.

275 3214 337 3287 lta
353 3236 423 3286 nec
447 3232 592 3285 necesse
608 3222 696 3296 erat,
722 3220 775 3283 ut·
788 3211 836 3284 de
861 3214 935 3285 vlta
960 3210 1111 3287 Pindari
1135 3214 1314 3291 sollennia
1361 3240 1371 3252 ·

233 3325 507 3427 praemitterem,
521 3323 568 3396 de
581 3344 655 3422 qua
666 3344 753 3397 cum
764 3322 893 3416 cadem
906 3322 1137 3398 Bibliotheca
1146 3322 1239 3401 adiri
1249 3350 1315 3424 po

232 3449 405 3527 tenutam
418 3435 738 3530 Scuunlnnnr
766 3434 913 3508 libellus
929 3444 1039 3509 extat.
1068 3436 1127 3511 De
1143 3438 1315 3512 indoleet
1336 3487 1339 3491 »

230 3554 438 3628 charactere
451 3550 623 3622 carminis
639 3548 744 3645 lyrici
756 3546 943 3623 Pindarici
954 3550 1244 3646 egerrmtmulti3
1260 3554 1315 3625 in·

230 3674 286 3739 ter
309 3686 378 3737 nos
401 3660 554 3759 quidem
580 3670 663 3757 post
690 3660 1100 3744 Scflnnrnnnun
1126 3662 1313 3758 praecipue

232 3776 255 3848 J
271 3800 328 3848 nc
342 3800 365 3849 o
380 3796 434 3848 ns
468 3774 504 3845 in
522 3770 651 3847 addit.
669 3770 726 3847 ud
742 3772 897 3849 Sulzeri
912 3772 1119 3849 Thorium
1142 3782 1220 3847 on.
1241 3775 1315 3849 ele-

230 3894 342 3984 punt.
396 3884 475 3957 Nee
491 3885 567 3959 rim
589 3885 742 3982 lyricam
759 3886 953 3960 commode
987 3884 1071 3957 satis
1098 3882 1313 3958 hominibus

230 3997 363 4069 nostris
376 3996 445 4069 nisi
461 3996 655 4069 vernaculo
679 4020 848 4071 sermone
873 3997 1007 4094 exponi
1033 4020 1140 4094 posse
1163 3994 1314 4069 arbitra-

231 4110 310 4183 bar.
352 4109 425 4195 ⁴lie,
444 4110 508 4203 qui
525 4110 674 4206 antiqua
689 4120 829 4197 curant,
855 4111 1041 4185 sufficiunt
1065 4122 1153 4185 nota
1169 4110 1312 4183 Horatii

233 4230 269 4295 et
286 4220 523 4302 Quinctiliani
536 4220 678 4315 judicia
695 4244 780 4299 cum
793 4226 1137 4322 prummutioorum
1152 4220 1312 4299 notitiis.
