2892 4834
241 329 295 394 xa
502 291 517 420 ζ
629 319 933 386 1111111110.

269 504 493 598 Ῥίιιάαωω
508 505 634 580 mirari
651 506 739 579 licet
768 531 834 604 pro
868 515 1041 582 vetustate
1073 526 1139 578 sna
1171 487 1339 602 11111111-1

240 644 324 696 rum
339 615 558 691 mendosum
571 617 619 688 ad
630 640 696 688 nos
705 618 924 714 pervenisse.
967 617 1115 690 Scilicet
1126 607 1224 700 vitia,
1239 615 1320 714 qui-

168 746 171 754 '
240 734 310 806 bns
334 727 460 801 foedati
475 727 620 800 codices
635 737 733 813 sunt,
766 728 812 800 ad
845 728 1041 801 dialectum
1074 727 1160 812 fere,
1177 725 1248 797 alia
1271 721 1319 796 ad

238 851 397 917 metrum
412 847 597 934 spectant;
624 861 752 912 eorum
783 849 907 912 autem
930 837 1165 924 mendorum,
1184 836 1322 934 quibus
1365 884 1367 893 «

236 954 416 1030 sententia
431 961 695 1050 corrumpatur,
715 953 831 1026 multo
848 955 972 1024 minor
984 975 1096 1050 quam
1113 953 1152 1024 in
1163 946 1319 1044 Virgilio

142 1096 147 1107 ⁸
235 1075 275 1140 et
288 1065 454 1150 Horatio,
467 1062 589 1136 uthos
616 1064 847 1160 potimimum
881 1087 1093 1150 memorem,
1121 1070 1174 1134 est
1200 1059 1321 1156 copia.

239 1177 370 1275 Aeque
380 1175 451 1246 hoe
464 1173 555 1246 illud
570 1184 634 1260 est,
654 1174 756 1272 quod
783 1198 882 1272 saepe
898 1177 1049 1250 miratus
1064 1197 1159 1260 snm,
1183 1171 1334 1248 Home:
1393 1196 1401 1212 r

154 1340 159 1351 -
237 1299 371 1365 tumet
388 1286 605 1374 Pindarum,
638 1287 734 1362 adde
769 1289 1012 1376 Herodotum,
1048 1287 1322 1384 antiquissimos

235 1401 446 1494 scriptores,
465 1399 581 1470 multo
612 1401 731 1494 magis
764 1401 965 1474 incolumes
996 1402 1228 1496 sincerasque
1244 1415 1323 1468 esse

237 1518 410 1597 servatos,
429 1533 541 1607 quarn
559 1513 697 1582 multos
708 1511 903 1608 scriptores
912 1514 977 1610 qui
986 1523 1070 1609 post
1089 1510 1135 1583 C.
1155 1508 1203 1582 N.
1222 1508 1324 1580 vixe-

236 1630 345 1707 runt;
370 1630 605 1717 utenturque,
622 1623 654 1695 si
671 1621 826 1708 lubebit,
855 1647 910 1696 eo
934 1631 1166 1718 argumento,
1194 1613 1325 1714 quide

236 1732 495 1807 hebraicorum
520 1733 731 1808 auctoriate
765 1732 995 1807 defendenda
1018 1741 1198 1832 satagunt.
1252 1727 1326 1800 Po·

134 1926 139 1936 ,
168 1833 175 1847 ⁸
236 1843 307 1918 tuit
323 1843 486 1940 quidem,
500 1866 570 1916 nec
585 1843 743 1930 inficior,
774 1845 851 1941 ipse
869 1845 1043 1918 orationis
1059 1844 1112 1932 ad„
1123 1853 1240 1918 certos
1255 1865 1325 1912 nu-

235 1981 358 2033 meros
386 1954 424 2030 et
451 1967 568 2029 metra
590 1943 773 2030 adstrictae
798 1957 1033 2053 periodisqoe
1060 1955 1326 2040 sententiarum

138 2107 145 2120 ·
236 2070 353 2147 finitis
382 2068 537 2140 inclusae
573 2065 733 2148 habitus,
768 2067 877 2138 etiam
906 2068 1080 2140 carminis
1108 2066 1327 2154 obscuritas,

134 2227 141 2242 ·
235 2175 461 2252 contundere
492 2176 671 2270 impetum
704 2175 950 2268 librariorum,
968 2201 1028 2248 ne
1042 2177 1148 2250 solita
1176 2175 1329 2250 licentia

145 2327 161 2348 κ
236 2295 497 2386 grassarentur.
548 2285 684 2358 Verum
701 2295 902 2360 metrorum
932 2286 1179 2362 dimensiones
1195 2296 1232 2360 et
1247 2311 1329 2360 ver-

96 2405 105 2423 '
163 2441 168 2452 ·
238 2396 631 2474 suumdistinctiones
654 2397 849 2492 ejusmodi,
874 2400 1002 2496 quales
1030 2423 1129 2472 nunc
1146 2400 1183 2472 in
1216 2399 1328 2472 editis

170 2542 174 2551 ⁴
237 2511 426 2594 habemus,
444 2530 519 2580 non
532 2508 633 2588 fuere
657 2507 696 2580 in
718 2509 847 2606 priscis
861 2511 1124 2598 voluminibus,
1153 2513 1330 2584 continua
1426 2545 1427 2584 1

236 2620 312 2694 sere
328 2619 527 2693 verborum
541 2618 695 2713 ambage
706 2632 744 2691 et
754 2619 1006 2694 circumducto
1035 2623 1205 2719 scriptis;
1226 2623 1328 2697 unde
1387 2621 1393 2628 ’

96 2739 123 2780 ·’
236 2732 479 2817 tamdiversae
502 2747 674 2802 versuum
696 2729 942 2804 dimensiones
966 2742 1061 2804 natae
1093 2745 1189 2808 sunt.
1244 2735 1325 2811 Ob-

239 2846 391 2918 scuritas
407 2851 531 2915 autem
543 2843 818 2914 sententiarum.
838 2851 937 2916 tanto
964 2845 1247 2942 molestioresse
1261 2847 1327 2920 de-

220 2940 322 3033 'buit
337 2955 506 3042 librariis,
525 2978 612 3031 cum
641 2978 710 3028 nec
746 2952 958 3028 intentatam
989 2980 1071 3029 eam
1075 2937 1325 3055 reliquerint,

240 3068 368 3145 dorica
382 3067 459 3139 fere
474 3067 592 3140 forma
618 3065 666 3138 ad
694 3067 897 3164 vulgarem,
928 3077 1106 3235 quantum
1134 3093 1202 3167 per
1228 3073 1328 3171 ipsos

241 3177 357 3262 fieret,
374 3175 530 3252 deflexa

257 3287 466 3395 Notabile
482 3297 538 3360 est
559 3289 598 3360 in
613 3286 765 3362 Pindari
790 3287 935 3364 fortuna
960 3292 1069 3364 etiam
1100 3295 1205 3382 illud,
1224 3243 1328 3394 quod
1422 3331 1423 3356 1

223 3397 500 3496 ··etpauc1ss1mr
514 3410 551 3472 et
563 3397 766 3473 admodum
799 3412 961 3476 recentes
982 3383 1096 3500 bujus
1122 3418 1253 3518 poetae
1267 3434 1328 3482 eo-

240 3509 342 3585 dices
358 3518 495 3583 extant
547 3509 620 3583 Vix
635 3509 683 3582 ad
707 3535 773 3585 xn.
792 3510 1025 3610 exemplaria,
1055 3539 1155 3614 quae
1167 3541 1323 3614 usquam

220 3631 440 3717 serventur,
467 3622 660 3713 memorari
686 3622 818 3727 videm
845 3647 931 3723 quae
963 3625 1145 3722 integram
1179 3627 1327 3730 aegialos

241 3735 463 3821 contineant,
482 3735 701 3830 paucissima
719 3747 814 3824 sunt,
841 3735 1015 3835 pleraque
1033 3739 1209 3838 Olympia
1224 3743 1330 3819 exbi-

174 3849 220 3958 f·
241 3840 342 3929 bent,
359 3846 430 3918 alia
441 3846 550 3921 aliam
562 3849 799 3945 particulam:
825 3857 863 3922 at
874 3873 926 3950 ex
943 3851 988 3923 iis
1000 3849 1118 3923 multa
1133 3865 1218 3926 sunt
1233 3859 1328 3954 mul.

243 3963 282 4026 to
298 3958 511 4045 recentiora,
524 3981 638 4056 quam
652 3968 692 4031 nt
705 3959 782 4032 ulla
796 3983 923 4036 eorum
938 3963 1133 4035 auctoritas
1149 3955 1225 4041 esse
1244 3990 1329 4061 pos-

243 4069 324 4153 sit..⁴
356 4067 538 4170 Pleraque
559 4075 659 4147 enim
692 4077 817 4148 omnia
842 4095 904 4148 ex.
921 4077 1065 4150 saeculis
1091 4089 1231 4152 xv1.et
1258 4103 1323 4155 xv.

241 4184 351 4268 sunt:
376 4203 464 4277 quae
497 4185 675 4260 seculum
709 4207 792 4260 xiv.
841 4181 1029 4276 excedant,
1064 4189 1165 4272 nulla
1204 4189 1325 4270 adhuc
