2892 4834
492 390 821 459 PRAEFATIO.
1126 395 1232 460 mvii

141 579 294 657 inprimis,
314 582 760 660 orationem'locupletandam,
781 582 818 640 ad
838 581 1030 642 excitandum
1051 599 1085 640 ac
1108 584 1228 661 lingeu-

143 674 215 732 dum
232 675 502 752 instruendumque
522 678 704 753 ingenium
733 675 845 733 iactum
860 681 963 742 autem,
978 670 1043 746 jam
1064 676 1229 737 versionem

141 769 233 825 οιίιω
247 768 369 825 consuli
384 777 464 826 recte
476 787 563 845 posue
583 770 622 828 ab
642 789 689 837 oo,
710 771 763 844 qui
787 769 883 848 ipsum
906 776 1025 844 poetam
1047 768 1138 844 legat,
1164 786 1229 844 par·

143 861 199 918 tim
219 862 253 918 in
277 862 407 938 singulis
432 862 525 933 locis;
554 864 579 920 si
604 863 693 921 modo
714 864 779 937 ipsa
803 870 899 938 poetae
921 863 1072 920 sententia
1091 880 1230 938 expressa

141 955 192 1021 sit,
214 971 277 1012 non
293 955 361 1022 alia,
376 963 419 1012 ut:
430 973 512 1032 sape
530 956 576 1024 lit,
590 957 622 1014 in
642 952 707 1028 ejus
731 955 830 1014 locum
853 957 1034 1027 substituta;
1064 949 1178 1030 partim*
1192 955 1229 1012 ad

142 1047 235 1104 totius
249 1049 393 1106 carminis
406 1057 585 1108 structurum
609 1058 695 1108 tanto
718 1049 838 1113 {acilius
851 1048 1107 1126 perspiciendam
1132 1051 1229 1108 lineas

141 1155 261 1213 quoque
283 1148 313 1198 et
332 1143 471 1200 umbram
493 1143 597 1200 forma
618 1150 813 1217 assequentur
834 1143 903 1200 inde
925 1142 987 1210 alii,
1003 1142 1110 1218 quibus
1133 1143 1229 1202 Vene-

142 1249 204 1288 rem
225 1234 323 1307 ipsam
345 1235 426 1292 baud
444 1235 544 1294 videre
568 1237 686 1294 licuerit
698 1260 707 1308 3
736 1232 786 1294 sed
808 1235 882 1303 lore,
903 1244 937 1292 ut
957 1235 1113 1310 populares
1135 1237 1230 1294 nostri

141 1324 265 1384 Pindari
279 1337 405 1403 gustum
425 1329 516 1386 talem
537 1330 607 1386 inde
628 1331 757 1404 capient,
781 1347 841 1405 quo
862 1329 911 1386 vel
925 1330 1149 1387 admirationem
1164 1326 1229 1402 ejus

140 1423 188 1477 vei
199 1439 334 1478 amorem
347 1423 532 1498 concipiant,
547 1423 711 1482 admodum
732 1423 846 1482 dubito.
890 1421 933 1479 Ut
947 1424 1030 1479 enim
1044 1431 1162 1498 poetam
1179 1425 1226 1480 in·

140 1513 271 1590 telligas,
293 1515 431 1590 antiquas
452 1515 564 1572 litteras
584 1518 687 1574 animo
704 1517 875 1592 complecti,
900 1535 996 1574 rerum
1023 1536 1041 1573 a
1060 1523 1148 1590 poeto
1161 1534 1226 1592 per·

141 1613 335 1664 tractatmum
350 1609 508 1666 notionem
523 1609 641 1690 babere,
655 1609 817 1670 tabuisset
831 1612 978 1676 historias,
994 1610 1025 1666 in
1041 1610 1150 1686 quibus
1163 1625 1228 1668 vcr-

139 1708 231 1768 satur,
244 1709 351 1760 tenere
365 1721 484 1761 necesse
498 1710 559 1760 est:
591 1721 658 1779 qum
680 1705 783 1762 omnia
803 1704 855 1779 qui
875 1703 975 1769 babet,
990 1704 1015 1759 is
1035 1703 1134 1777 ipsum
1155 1722 1227 1779 poe·

141 1799 200 1850 tum
216 1795 336 1867 adibit3
360 1797 413 1870 qui
427 1813 489 1852 non
511 1795 611 1864 babet,
636 1815 673 1853 ex
696 1798 834 1854 versione
856 1795 932 1852 nibil
955 1795 1133 1869 intelligetp
1154 1814 1226 1870 qua-

141 1895 229 1945 tenus
256 1889 430 1966 intelligere
456 1907 517 1946 non
546 1897 613 1947 est:
654 1891 755 1956 verba,
781 1888 832 1946 sed
860 1888 1026 1946 sententias
1054 1889 1223 1962 percipere3

140 1980 236 2038 multo
262 1983 364 2040 minus
390 1983 443 2042 tali
466 1983 595 2040 lectione
616 1982 754 2041 delectari
778 1988 833 2052 aut
858 1981 1047 2055 antiquorum
1070 1981 1227 2046 hominum

139 2091 241 2131 sensus
262 2075 389 2133 induere
400 2077 517 2149 poterit.
558 2076 663 2151 Itaque
685 2076 738 2149 qui
763 2075 795 2132 in
822 2073 964 2130 vertendo
989 2073 1130 2146 scriptore
1145 2073 1228 2150 inge·

139 2167 222 2224 nioso
238 2187 364 2243 operam
378 2173 472 2244 ponit,
496 2171 592 2228 multo
614 2170 712 2246 magis
727 2170 784 2226 sibi
798 2169 952 2243 patrioque
966 2167 1097 2224 sermoni
1119 2184 1227 2224 consu·

138 2258 183 2325 lit,
194 2278 289 2336 qnam
311 2264 387 2331 aliis,
401 2266 453 2337 qui
474 2283 528 2321 nec
547 2264 680 2321 studium
699 2263 772 2321 satis
796 2279 941 2339 magnum
966 2259 1003 2318 ad
1025 2259 1149 2334 antiqua
1162 2260 1227 2318 baec

139 2354 349 2426 cognoscenda
371 2357 645 2429 adbiberesolent3
673 2355 775 2426 verbo,
799 2355 857 2412 sibi
881 2356 1007 2430 quisque
1028 2355 1108 2422 serit,
1132 2372 1227 2431 popu-

138 2441 214 2502 lares
226 2464 336 2520 perum
348 2449 421 2508 inde
432 2459 561 2509 metunt.

178 2538 338 2600 Nonnulla
360 2545 419 2602 alia
438 2553 521 2615 sunt,
547 2562 614 2620 quae
639 2545 672 2603 in
695 2564 777 2622 penu
799 2544 957 2603 Pindarico
979 2542 1081 2600 baberi
1104 2543 1230 2619 possint.

139 2631 197 2691 Sed
209 2635 236 2690 si
251 2636 424 2704 utilitatem,
439 2656 502 2695 non
524 2656 622 2697 rerum
642 2625 740 2697 solum
767 2641 883 2714 copiam
898 2645 1023 2714 spectes,
1044 2654 1082 2694 ex
1103 2637 1138 2692 iis
1153 2655 1227 2712 quo·

140 2743 206 2800 que,
233 2726 386 2803 quaejam
409 2741 747 2799 commemoratasunt,
772 2733 869 2789 multa
893 2749 956 2789 esse
980 2729 1092 2797 videas,
1119 2731 1227 2806 quibus

140 2823 246 2879 melius
272 2841 433 2883 careamus.
474 2825 702 2906 Disputationes
727 2827 882 2893 babemus,
909 2824 1043 2900 inprimis
1059 2823 1225 2889 Gallorum,

142 2916 250 2973 multas
278 2935 368 2992 snper
387 2919 545 2994 lyricorum
575 2928 722 2987 veterum,
752 2920 887 2993 interque
912 2918 967 2975 hos
989 2917 1136 2990 praecipue
1153 2914 1229 2973 Pin·

141 3007 212 3076 dari,
227 3012 354 3088 ingenio
368 3019 398 3069 et
411 3012 513 3070 indole
528 3039 537 3086 3
574 3015 606 3071 ia
629 3015 665 3071 iis
679 3031 810 3088 qnoque,
822 3029 889 3088 quae
910 3009 1031 3084 quidem
1047 3007 1226 3075 evolvimus,

141 3105 235 3162 multa
260 3105 391 3162 vidimus
411 3107 564 3183 eleganter
586 3108 740 3183 disputari.
782 3101 1009 3177 Sed‘jrrvenum
1033 3103 1161 3170 animos,
1181 3103 1227 3160 his

141 3200 260 3274 quidem
280 3196 545 3280 disputationibus,
560 3201 598 3258 ab
620 3201 686 3277 ipsa
707 3200 829 3259 Pindari
849 3199 976 3256 lectione
1002 3197 1120 3254 avocari
1149 3198 1228 3255 noli·
1255 3237 1258 3246 2

140 3309 215 3349 mus.
256 3293 380 3352 Pindari
399 3296 526 3353 omnino
544 3295 637 3370 lyrica
655 3295 713 3360 vis,
734 3294 885 3352 character
909 3291 1061 3358 carminis,
1086 3297 1117 3348 et
1138 3309 1227 3367 argu·

141 3387 235 3442 menti
249 3403 503 3463 numerorumque
516 3406 551 3446 ac
565 3387 724 3445 modorum
748 3388 835 3456 ratio,
858 3393 919 3442 tam
943 3385 1090 3442 diversam
1115 3384 1229 3442 babent

140 3480 243 3536 omnia
261 3480 395 3537 indolem
409 3499 428 3537 a
450 3481 564 3547 ceteris,
581 3481 678 3538 multo
692 3477 789 3557 magis
805 3498 823 3536 a
837 3479 980 3536 Romanis
1000 3487 1029 3538 et
1050 3497 1069 3536 a
1082 3477 1227 3536 recentio-

141 3569 231 3638 ribus,
255 3574 353 3646 poetis
375 3573 486 3648 lyricis,
501 3581 536 3630 ut
560 3572 745 3631 diversorum
764 3591 911 3650 generum
931 3591 977 3630 res
1004 3589 1175 3647 comparare
1199 3577 1230 3630 et

141 3667 318 3724 contendere
341 3667 486 3727 dicendas
508 3671 559 3737 sit,
581 3671 633 3746 qui
658 3669 822 3726 Pindarum
844 3669 945 3744 ipsum
969 3668 1001 3725 in
1028 3667 1075 3725 his
1099 3684 1230 3743 quarere

141 3759 226 3816 velit.

179 3851 252 3910 Non
271 3854 387 3938 pigebit
410 3873 491 3913 nunc
516 3864 649 3914 extremo
675 3854 743 3912 loco
768 3847 913 3924 subjicere
934 3851 1072 3912 codicum
1096 3853 1229 3910 nonnul-

137 3944 236 4002 lorum
265 3948 400 4016 notitias,
421 3965 499 4022 qum,
528 3949 600 4006 dum
626 3950 659 4006 in
684 3946 784 4004 studio
809 3946 867 4004 boc
895 3945 1034 4004 lectionis
1063 3943 1229 4004 Pindaricae

137 4038 360 4117 investigandus
380 4043 582 4111 versabamur,
603 4043 690 4100 nobis
718 4043 749 4099 in
773 4058 881 4098 manus
907 4047 1062 4097 venerunt.
1103 4039 1229 4098 Juv'abit

137 4150 199 4190 uno
212 4141 360 4210 tanquam
375 4134 484 4192 obtutu
505 4130 652 4207 subjectas
674 4151 886 4214 recognoscere
901 4135 1001 4210 copias
1026 4149 1131 4190 omnes
1154 4132 1228 4190 Pin·

141 4224 270 4300 δεήσαι,
286 4227 398 4303 quibus
413 4235 583 4304 temporum
598 4223 711 4300 injuria
726 4227 856 4306 pepercit
870 4253 880 4301 5
909 4227 965 4286 etsi
989 4226 1069 4286 baud
1092 4226 1231 4304 exiguam
1305 4305 1310 4322 ,
