2892 4834
540 370 850 439 PRAEFATIO.
1151 379 1226 443 mi

138 592 204 641 tum
219 570 366 641 Aldinum
378 570 531 658 exemplar
541 580 734 641 Ritterslinsii
747 598 819 639 cura
827 578 1031 647 emendatum,
1045 582 1227 657 transcriptis

133 692 261 749 ,quoque
271 675 434 733 'nonnullis
447 672 584 731 alpach.
608 673 779 731 Camerario
792 672 824 729 iu
840 665 979 748 margine
990 672 1038 729 sul
1050 672 1228 747 exemplaris

140 768 298 841 adspersis.
338 766 397 823 Sed
419 764 675 821 littterslrueluuss
700 764 769 820 ilius
794 764 897 838 copies
923 778 987 821 nou
1009 761 1089 819 adeo
1112 764 1228 837 opime·

141 858 244 925 fuisse,
259 867 326 915 tum
348 875 385 915 ex
409 858 473 931 ipsa
496 872 527 913 re
545 852 681 927 judicare
695 856 778 922 lieet,
791 865 857 913 tum
871 872 910 913 ex
923 855 972 923 iis,
984 872 1088 930 quma
1099 853 1229 914 lambere

139 950 172 1005 in
186 966 279 1023 supra
298 940 464 1006 memorata
476 946 696 1005 Exercitatioue
722 948 825 1005 critica
837 966 866 1022 p.
876 948 941 1004 viii.
952 955 1132 1007 narrantur:
1156 962 1229 1005 nem

138 1041 297 1115 usurpavit
307 1040 361 1097 ille
374 1040 484 1097 librum
499 1038 629 1097 eundem
653 1056 691 1095 ex
713 1038 855 1113 Cypriani
868 1038 1003 1114 theologi
1013 1038 1148 1097 Gothani
1161 1040 1228 1099 bib·

140 1132 280 1189 liotheca
320 1130 486 1189 Enimvero
512 1128 692 1199 Schmidiue,
717 1131 908 1189 doctissimus
927 1131 985 1198 air,
999 1129 1096 1187 multo
1129 1132 1229 1188 minus

140 1222 260 1281 videtur
270 1217 410 1281 'tribuisse
423 1223 601 1296 scriptorum
608 1222 657 1279 vel
670 1222 881 1295 impressorum
890 1222 1034 1279 librorum
1048 1222 1229 1283 auctoritati·

140 1334 232 1391 quam
246 1318 334 1374 certia
347 1318 510 1375 rationibus
521 1314 663 1384 metricis,
673 1332 748 1391 qnae
760 1318 823 1391 ipre
834 1317 893 1373 sibi
906 1334 944 1374 ex
955 1318 1081 1390 antiquo
1092 1318 1228 1383 metriuo,

141 1416 173 1465 et
188 1408 342 1467 interdum
362 1416 458 1465 metro
469 1398 669 1464 'adarbitrinm
695 1408 874 1474 constituto,
888 1405 1025 1473 linxmat,
1039 1408 1229 1481 acuteutique

141 1508 172 1557 et
183 1500 281 1566 docte,
296 1515 375 1572 saepe
388 1507 489 1557 tamen
502 1516 534 1555 re
549 1497 682 1555 nondum
703 1500 776 1555 eatis
786 1498 949 1573 exploratu,
964 1514 1033 1555 curu
1040 1504 1077 1555 et
1084 1499 1151 1572 'ipse
1165 1516 1228 1555 me·

141 1594 234 1649 triens
261 1590 337 1647 vitio
359 1590 517 1658 laboraret,
540 1597 592 1646 aut
617 1605 770 1664 perperam
793 1598 923 1647 metrum
948 1590 1153 1657 constitueret,
1176 1598 1229 1647 snt

140 1682 315 1741 Schmid'urs
339 1688 435 1739 metro
458 1681 495 1737 sd
521 1698 615 1737 uuam
641 1681 803 1738 alteramve
830 1680 993 1755 stropham,
1009 1696 1228 1755 nonnunquam

143 1776 178 1832 ad
193 1790 272 1839 eam,
287 1790 378 1847 quam
392 1774 531 1831 omnium
555 1773 681 1829 minime
706 1772 790 1845 sequi
813 1771 950 1836 debebat,
964 1774 1131 1829 constituto
1151 1774 1229 1846 pari·

142 1867 185 1923 les
197 1865 288 1921 nimis
298 1864 439 1921 audacter
449 1864 615 1939 refingeret.
637 1862 650 1917 1
655 1872 743 1935 tuque
753 1863 868 1929 acerbe,
880 1870 911 1919 et
921 1878 1000 1937 saepe
1010 1864 1125 1921 scurrili
1135 1865 1229 1921 liecu-

141 1958 183 2015 tia
193 1954 447 2031 exagitatorest‘a
461 1952 595 2020 l’auwio,
607 1970 662 2026 pro
675 1953 760 2009 istius
772 1953 967 2011 atatismore.
993 1954 1092 2015 Quam
1107 1954 1229 2028 quidem

140 2046 358 2104 maledicentiae
372 2054 403 2103 et
422 2061 531 2101 amaru
554 2044 760 2101 insectationis
782 2044 936 2100 infamiam
959 2062 978 2099 a
991 2044 1097 2101 studiis
1111 2047 1229 2115 uostris,

139 2156 207 2212 qum
220 2140 289 2212 ipso
303 2138 428 2195 nomine
448 2136 666 2194 humanitatem
678 2134 867 2209 profitentur,
883 2152 964 2191 nunc
973 2134 993 2171 ⁴*
1003 2152 1067 2193 esse
1076 2135 1229 2210 depulsum

141 2246 326 2306 magnopere
338 2230 535 2305 gratulamur.
574 2228 686 2285 Saltem
701 2227 808 2284 doctus
836 2234 866 2284 et
880 2242 984 2300 requos
997 2228 1124 2303 quisque
1134 2224 1229 2298 judex

140 2320 296 2387 fatebitur,
311 2318 455 2377 Schmidii
469 2318 609 2375 acumine
623 2326 653 2394 et
667 2316 825 2393 diligentia
847 2318 972 2375 infinitis
993 2320 1067 2377 locis
1089 2320 1229 2379 emendu-

142 2414 249 2469 tiorem
265 2428 321 2467 nos
335 2410 443 2468 habere
456 2418 576 2485 poetam
590 2434 598 2480 5
625 2416 691 2465 tum
715 2410 800 2466 iniis
815 2426 945 2483 quoque,
960 2410 993 2467 in
1008 2411 1117 2485 quibua
1131 2412 1228 2469 hassu-

141 2506 271 2571 cinatur‚
288 2503 443 2579 ingeniose
457 2510 559 2559 tamen
586 2508 616 2557 et
638 2501 786 2576 sagaciter
808 2501 949 2559 hariolari
971 2502 1069 2559 virum
1092 2503 1229 2561 doctissi-

141 2616 237 2657 mum.
277 2596 440 2672 Exemplar
459 2598 528 2654 ante
548 2596 651 2654 oculos
672 2595 812 2653 habuisse
832 2603 863 2652 et
883 2595 1093 2653 excudendum
1114 2596 1230 2656 dedisse

137 2690 263 2747 ‚videtur
275 2683 520 2753 Cratandrinum,
535 2688 651 2744 deserto
664 2686 827 2759 Stephano,
839 2703 929 2760 quern
942 2703 1005 2742 uon
1018 2689 1090 2744 eatis
1103 2680 1230 2766 diligen·

142 2792 187 2839 ter
200 2782 313 2856 prasini
327 2780 490 2847 consuluit,
505 2780 551 2836 uti
565 2794 622 2837 nec
635 2778 746 2833 rildum
759 2788 790 2834 et
804 2778 987 2853 Culliergum
999 2801 1008 2848 3
1029 2779 1061 2834 id
1075 2781 1154 2851 quod
1165 2798 1230 2838 me·

15 2896 17 2913 ³
142 2874 201 2931 rito
216 2873 341 2931 mireris.
382 2872 483 2929 Etiam
494 2870 608 2929 scholia
629 2877 659 2925 et
671 2870 873 2943 metaphrasin
889 2870 1124 2941 interlinearem,
1138 2888 1229 2946 quum

145 2966 223 3023 binis
238 2982 275 3021 ex
292 2962 433 3021 Palatinis
447 2958 621 3033 &unctam
636 2960 729 3017 fuisse
742 2977 781 3017 ex
792 2959 947 3036 Sylburgii
965 2961 1062 3019 Catal.
1074 2962 1148 3021 Mss.
1163 2964 1228 3020 bib-

145 3056 232 3113 lioth.
263 3053 360 3112 Pelet.
382 3054 494 3110 discere
514 3054 596 3119 licet,
611 3051 756 3127 neglexit.
775 3052 812 3109 lu
827 3054 1042 3109 commentario
1056 3070 1127 3110 vero
1140 3072 1230 3129 opera

15 3188 20 3217 ,
141 3146 266 3221 quidem
280 3140 345 3215 dus
358 3151 404 3201 est
419 3142 497 3201 haud
512 3143 741 3208 contemnenda,
755 3149 786 3199 et
800 3142 937 3200 doctrina
950 3143 1101 3217 preclara,
1115 3141 1228 3216 oedja.
1294 3223 1297 3227 ι

16 3260 18 3323 χ
142 3238 258 3295 dicium
285 3237 405 3293 illorum
434 3247 602 3309 temporum
630 3232 730 3289 studia
756 3242 787 3291 et
814 3234 951 3308 exempla
979 3233 1231 3296 sufflaminabant.

144 3328 223 3385 Cum
238 3325 321 3383 enim
344 3332 423 3383 reete
437 3325 494 3383 hoc
507 3324 653 3383 vidissent
667 3323 816 3391 homines,
830 3326 862 3383 in
878 3326 964 3381 omni
977 3327 1124 3396 oratione,
1137 3330 1229 3387 etiam

145 3434 189 3481 ea,
204 3432 297 3489 quam
320 3416 385 3488 quis
408 3416 625 3489 interpretetur,
641 3414 677 3469 ad
699 3416 870 3493 argumenti
891 3432 1053 3485 summum,
1068 3434 1229 3494 rerumque

144 3506 354 3565 tractationem
375 3523 410 3563 uc
428 3506 652 3579 dispositionem
669 3508 810 3564 'animum
832 3524 896 3564 esse
915 3506 1146 3577 intendendum,
1162 3525 1230 3577 nec,

147 3614 264 3656 summa
279 3616 313 3654 ac
327 3599 423 3671 capite
437 3599 532 3675 operis
547 3598 668 3663 omisso,
683 3598 854 3656 haerendum
870 3600 902 3655 iu
916 3600 1047 3674 siugulis
1063 3599 1180 3656 voculis
1196 3610 1228 3657 et

146 3689 404 3747 enuntiationibus
416 3713 423 3745 ι
451 3696 587 3747 errarunt
601 3690 747 3746 tamenin
761 3708 808 3756 eo,
823 3689 902 3764 quod
917 3705 1036 3747 omnem
1051 3691 1230 3761 orationem,

147 3782 235 3837 etiarn
249 3780 409 3854 poeticam,
421 3780 457 3837 ad
471 3778 630 3835 rhetorices
641 3787 799 3853 praecepta,
813 3798 881 3854 quse
893 3788 958 3837 tum
971 3799 1008 3837 ex
1018 3780 1230 3841 Melauehtho·

148 3872 194 3927 nie
209 3872 258 3929 vel
274 3872 405 3944 Chytraei
417 3872 603 3941 aliorumque
616 3868 726 3927 libellis
740 3872 891 3929 addiscere
901 3872 1049 3939 solebant,
1064 3874 1231 3949 exigerent.

150 3964 253 4040 ltaque
267 3971 388 4041 poetam
399 3982 489 4026 suum
501 3962 670 4023 Schmidius
682 3963 718 4021 ad
732 3966 913 4024 rhetoricum
927 3964 1048 4023 scherus
1058 3974 1228 4025 revocatum

480 4136 486 4145 ’
498 4152 513 4181 ·
529 4150 621 4213 Scripta
633 4151 682 4201 lrec
693 4162 760 4215 eruut
771 4166 793 4201 r.
809 4150 881 4200 lxxiv.
