2892 4834
480 339 811 408 rsnrnrro
1167 350 1200 422 si

126 553 199 628 gru,
221 507 323 626 qood
344 528 471 599 virum
491 522 742 598 doctissimum
769 524 816 598 ad
843 467 937 600 bene
964 521 1012 600 de
1036 528 1201 684 Pindaso
1299 598 1307 610 ,

25 674 26 683 “
126 637 521 716 merendumexcitavi.

174 753 268 834 Quae
281 774 372 823 cnm
385 752 435 823 ita
448 757 569 823 essent
579 750 783 836 constituta
795 750 962 823 continui
977 773 1042 846 me
1053 753 1092 825 in
1109 772 1207 850 pras·

25 928 26 971 q
126 865 267 963 scripto,
278 871 317 935 et
327 861 514 946 ommbns,
527 883 614 958 quse
624 860 671 934 de
683 884 724 935 re
736 860 887 932 metrica
895 870 958 934 aut
967 862 1202 938 criticaeram

127 977 172 1048 nd
189 984 305 1073 poetae
315 975 455 1048 calcem
467 972 689 1068 adjecturus,
706 972 868 1064 obiectis,
881 997 928 1044 ne
944 975 1128 1048 turbarem
1139 978 1203 1052 ali-

128 1087 216 1184 quid
231 1096 293 1159 ant
304 1087 430 1182 aliqua
439 1085 478 1156 in
492 1107 529 1156 re
542 1084 717 1175 molestus
728 1105 858 1172 essem,
874 1085 1078 1180 perrexi-ad
1090 1087 1203 1162 Scho-

25 1230 26 1241 ¹
126 1199 177 1271 lia
187 1197 423 1271 emendanda.
469 1196 637 1270 latinam
652 1196 753 1269 enim
769 1194 973 1271 versionem
988 1197 1073 1269 satis
1089 1197 1202 1288 habui

129 1311 305 1404 corrigere
318 1310 358 1381 in
371 1309 428 1394 iis,
447 1331 531 1406 quae
545 1307 732 1380 manifeste
744 1297 866 1380 asera
879 1309 1018 1402 ratione
1033 1309 1203 1389 abhorre,
1239 1307 1243 1322 '
1282 1351 1288 1367 ·

128 1431 214 1492 rent.
243 1419 403 1506 Scholiis
413 1419 663 1492 exscribendis
678 1418 811 1492 tradidi
830 1420 1212 1516 exemplareditionis-

25 1621 26 1631 ἵ
130 1530 278 1604 Beckii:
304 1531 436 1604 sustuli
453 1532 635 1605 vitiorum
652 1532 885 1609 librariorum
898 1541 977 1606 tum
996 1557 1204 1631 operarum,
1265 1541 1268 1567 ¹

131 1652 306 1738 quantum
322 1643 405 1716 fieri
421 1645 561 1738 potuit;
587 1643 753 1719 adhibito
771 1643 869 1717 Cod.
879 1645 1124 1741 Gottingensi,
1136 1647 1206 1725 sal·

131 1764 201 1826 tem
213 1755 253 1826 in
268 1754 363 1844 lonis
376 1755 566 1852 suspectis,
584 1763 622 1828 et
636 1778 684 1828 ex
699 1779 760 1844 eo,
771 1777 835 1828 seu
850 1755 985 1846 criticis
996 1757 1043 1830 de
1056 1759 1205 1863 caussis,
1300 1804 1303 1814 ·

25 1858 26 1883 ¹
130 1865 473 1960 conexiplnrima:
510 1867 550 1938 in
573 1865 645 1938 hoc
667 1876 792 1938 tamen
816 1889 941 1963 rerum
966 1881 1102 1964 genere
1126 1890 1241 1942 rem*
1374 1899 1378 1910 ·

128 1974 296 2048 inutilem
312 1999 389 2049 esse
405 1975 545 2051 credidi
562 1975 618 2050 de
626 1975 768 2072 quavis,
783 1975 840 2047 vel
857 1968 1055 2062 levissima,
1067 2000 1207 2054 oorroo-

129 2087 220 2159 tione
236 2110 402 2171 monere,
417 2076 482 2157 out
497 2085 707 2161 varietatem
722 2077 890 2178 lectionis
902 2067 1122 2178 adscribere,
1140 2091 1205 2182 qbi

25 2242 26 2275 ι
129 2195 368 2294 discrepantia
382 2195 456 2270 ad
448 2217 569 2300 rpsum
586 2203 745 2290 poetam
744 2217 820 2268 non
832 2171 999 2282 faciebat,
1002 2199 1207 2309 necalium

25 2354 26 2367 ι
128 2306 283 2388 frocorm
299 2307 429 2380 afferre
442 2313 594 2404 poterat.
633 2303 721 2377 Alio
738 2305 847 2394 enim
854 2305 936 2379 loco
953 2283 1143 2402 habendus
1154 2321 1210 2386 est

128 2427 249 2494 auctor
263 2417 452 2504 classicus,
464 2417 540 2492 abo
552 2416 831 2512 grammaticus
857 2416 923 2490 etsi
942 2440 981 2490 1n
993 2441 1060 2492 suo
1077 2420 1208 2497 ordine

128 2529 218 2603 inter
236 2531 556 2628 prosuntissimos
579 2526 787 2602 habendus.
839 2527 997 2602 Possunt
1021 2536 1179 2604 tomen
1168 2559 1209 2616 rn

129 2665 168 2714 eo
195 2641 325 2715 codice
353 2640 474 2714 adhuc
497 2643 619 2722 latere,
643 2663 730 2734 quae
760 2661 819 2711 me
842 2637 1042 2738 sugerunt;
1068 2652 1106 2716 et
1129 2644 1210 2742 dig.

129 2777 194 2826 nus
208 2755 271 2826 ille
287 2752 405 2826 videri
422 2753 542 2839 debet,
561 2774 674 2847 quem
693 2749 833 2846 aliquis
850 2760 955 2826 aetate
973 2753 1105 2848 junior
1121 2758 1211 2830 inte-

130 2888 235 2960 grum
257 2873 468 2962 comparet:
493 2873 582 2937 sunt
604 2863 704 2938 enim
732 2861 881 2938 Scholia
898 2866 1077 2961 ampliora
1102 2867 1211 2940 inter·
1243 2858 1252 2892 ¹

131 2971 227 3062 dum,
244 2999 314 3047 nec
326 2976 430 3047 omni
448 2976 546 3049 bona
556 2974 666 3070 fruge
680 2997 808 3047 vacua.
845 2971 998 3048 Codicis
1012 2972 1210 3070 descriptio
1265 3049 1271 3060 ,

132 3083 220 3157 infra
236 3077 399 3161 dabitur.

177 3197 399 3292 Fragmenta
424 3195 580 3294 Pindari
594 3199 687 3272 mihi
710 3195 829 3296 magis
851 3196 953 3270 oordi
977 3209 1074 3288 sunt,
1095 3224 1210 3298 quum

25 3398 26 3413 χ
130 3306 216 3380 forte
232 3308 316 3382 aliis
332 3309 520 3383 videbitur
534 3310 779 3385 necessarium
806 3331 894 3382 esse.
948 3309 1030 3406 Ego
1055 3336 1141 3386 vero
1162 3315 1213 3388 ira

131 3444 270 3510 censeo,
303 3448 440 3521 magno
473 3449 541 3498 nos
569 3425 751 3500 beneficio
782 3424 1008 3520 obstringere
1041 3449 1114 3514 eos,
1145 3429 1212 3524 qui
1354 3477 1358 3500 .
1396 3431 1399 3438 '

131 3537 349 3633 scriptorum
373 3538 640 3635 antiquiorum,
670 3561 832 3636 quorum
863 3537 1041 3665 pleraque
1067 3541 1215 3613 interie-

132 3657 227 3731 runt,
252 3672 384 3723 omnes
400 3650 587 3747 reliquias,
607 3675 699 3775 quae·
720 3651 874 3747 quidem
891 3651 1043 3774 reperiri
1062 3651 1213 3747 possint,

132 3759 379 3887 oonqpirunt3
417 3762 618 3836 multarum
642 3762 744 3836 enim
774 3783 897 3833 rerum
925 3759 1100 3854 origines,
1124 3763 1217 3834 anti·

133 3855 348 3963 quissimam
369 3873 527 3949 aliarum
539 3872 805 3960 auctoritatem
824 3871 942 3946 multa
964 3870 1216 3966 exquisitioris

132 3976 412 4071 litteraturae,rn
430 4009 476 4060 ns
489 4009 680 4060 occurrere
697 3985 810 4072 novi;
837 3981 1009 4055 illustram
1022 3983 1105 4070 alra,
1119 3993 1216 4056 etex
1281 4073 1286 4086 ι

134 4088 180 4163 iis
195 4091 350 4190 digestis
364 4107 401 4170 et
416 4097 606 4171 illustratis
622 4098 741 4170 multa
754 4096 973 4193 scriptorum
998 4094 1078 4168 loca
1093 4095 1217 4168 lucem

132 4209 320 4292 foenemri.
380 4212 600 4310 Lyricorum
631 4203 756 4289 autem
791 4211 993 4307 fragmenta
1022 4199 1069 4284 ex
1100 4205 1218 4304 strage
