2892 4834
216 380 293 446 xxlt
634 373 946 444 PRAEFATIO.

211 565 294 659 jana
311 559 467 637 absolvit
474 573 853 665 memmannssnpraa
869 540 1308 662 meKoppius,⁸ornatis-
1433 635 1434 638 κ

215 678 333 750 simus
343 675 503 770 juvenis,
521 677 588 772 qui
611 675 710 750 idem
740 679 948 752 versionem
981 678 1131 752 latinam
1165 681 1303 775 passim

215 787 435 875 emendavit,
453 809 565 885 qmm
584 812 632 864 ex
666 789 876 864 oxoniensi
911 790 1072 864 editione
1103 790 1246 875 Graecis
1262 801 1305 866 ut

214 901 481 998 abjiceremus
508 923 556 974 ex
569 901 711 974 librarii
746 904 899 978 utilitate
936 901 1018 978 lieri
1044 903 1163 976 visum
1197 907 1306 976 est*.

114 1001 122 1020 ⁶
216 1012 374 1088 ficum.
396 1033 554 1088 nrxrrr.
609 1013 621 1034 '

596 1124 879 1216 st*Q

97 1313 101 1322 ,
265 1235 476 1311 Pindaricoe
491 1236 661 1310 lectionis
671 1235 791 1329 fontes
804 1244 841 1309 et
853 1235 990 1308 rivulos
1005 1231 1130 1332 psullo
1139 1245 1222 1308 unte
1239 1232 1323 1312 ex·'

136 1355 140 1360 ’
213 1350 332 1448 posui.
380 1345 492 1428 Quod
507 1371 594 1422 reru
605 1347 792 1445 pollicitus
806 1369 901 1434 sum,
920 1367 981 1420 me
1005 1344 1221 1442 appendicis
1235 1367 1304 1422 seu

145 1492 176 1562 οο
212 1458 397 1533 corollarii
410 1459 493 1532 loco
505 1467 623 1531 totum
644 1467 860 1556 apparatum
891 1455 1141 1553 Pindaricum,
1154 1479 1232 1553 quo
1248 1459 1304 1531 in-

213 1579 376 1643 structus
389 1570 634 1642 narrationem
650 1568 751 1643 illam
768 1569 957 1643 instituere
982 1568 1100 1665 potui,
1120 1567 1305 1662 subjectu-

216 1703 301 1754 rum
327 1703 428 1755 esse:
454 1679 500 1754 id
514 1703 614 1755 nunc
639 1690 681 1753 ut
705 1681 893 1755 exsolvam
923 1701 1070 1753 necesse
1098 1688 1163 1752 est
1216 1679 1303 1756 Feci
1434 1659 1435 1686 ,

214 1789 286 1864 hoc
298 1792 398 1865 idem
416 1793 457 1864 in
474 1791 630 1866 Tibullo
645 1801 682 1865 et
696 1791 873 1889 Virgilio:
899 1791 1132 1890 nequeenim
1143 1791 1254 1865 aliter
1265 1803 1305 1866 et

190 1901 427 1978 ‘criticorum
442 1903 634 1980 desideriis
647 1914 686 1976 et
700 1927 788 1978 vero
803 1905 914 1978 etiam
929 1913 984 1976 tot
998 1902 1081 1978 aliis
1098 1903 1151 1975 rei
1169 1901 1304 1977 litters

212 2017 280 2088 riae
295 2016 526 2102 utilitatibus,
544 2036 638 2111 quas
653 2037 735 2112 pras
751 2017 863 2088 unius
885 2015 939 2088 rei
954 2014 1093 2086 criticae
1103 2011 1227 2086 studio
1239 2025 1306 2087 aut

213 2127 404 2222 negligere
419 2135 482 2198 uut
493 2135 728 2199 contemnere
747 2127 841 2200 velle
855 2133 963 2223 turpe
980 2133 1045 2212 est,
1058 2123 1203 2202 consuli
1218 2145 1303 2225 pus·

213 2238 452 2310 sentinas
484 2235 669 2312 lectionis
677 2239 793 2326 enim,
806 2261 872 2312 seu
880 2246 1003 2312 textus
1023 2235 1176 2332 vulgati,
1189 2259 1303 2334 quem

213 2357 357 2435 vocant,
370 2348 528 2443 alicujus
544 2351 713 2437 auctoris,
741 2351 902 2446 origines
917 2358 954 2424 et
968 2371 1112 2422 caussas
1128 2369 1238 2422 nemo
1253 2347 1307 2420 fa·

214 2460 374 2533 cilerite
389 2461 596 2558 investiget,
614 2455 679 2559 qdi
698 2485 774 2536 non
791 2461 995 2536 editionum
1004 2468 1088 2534 ante
1103 2460 1231 2532 omnis
1244 2459 1306 2536 di-

206 2571 393 2666 ligentem
417 2594 622 2661 recensum
644 2595 842 2672 opmque
871 2575 912 2646 in
927 2595 974 2646 eo
989 2572 1176 2667 scriptore,
1209 2568 1307 2640 uan-

212 2684 421 2770 scribendo,
445 2685 644 2781 ridgando,
665 2682 906 2759 emendando
936 2684 994 2756 rel
1015 2672 1305 2776 corrumpendo,

213 2795 386 2891 inprimis
415 2764 454 2868 d
462 2798 598 2870 renatis
627 2795 715 2870 inde
742 2797 885 2884 litteris,
917 2794 1106 2896 collocutus
1138 2793 1308 2869 notitiam

212 2908 857 2982 accurateelaborataminmanibus
875 2905 1018 2980 habeat
1265 2909 1271 2916 “

263 3018 463 3116 Apponam
489 3022 625 3118 itaque,
634 3019 782 3115 judicio
800 3043 896 3105 meo,
928 3016 1072 3114 quoties
1099 3036 1194 3111 opus
1225 3037 1306 3088 mse

211 3131 407 3216 ridebitur,
425 3132 650 3230 interposito,
667 3132 872 3205 editionum
902 3149 1095 3202 recemum
1123 3126 1304 3202 aliorum-

213 3267 287 3340 que
299 3245 510 3319 libellorum
523 3247 680 3330 notitias,
699 3245 829 3344 quiad
845 3243 1052 3318 Pindamm
1064 3239 1305 3338 studiumque

212 3359 253 3430 in
270 3358 542 3453 eo'illpsnando
553 3359 811 3434 collocandum
842 3359 968 3455 aliquo
999 3353 1111 3428 modo
1140 3363 1305 3450 spectare

213 3480 378 3567 possunt.
432 3471 485 3544 lta
500 3483 538 3546 et
554 3490 683 3545 eomm
699 3470 891 3546 desideriis
915 3467 1147 3552 satisfaciam,
1175 3465 1239 3562 qui
1256 3463 1306 3536 ad

213 3583 497 3681 intelligendum
515 3595 552 3659 et
568 3583 827 3660 illustrandum
846 3583 1049 3667 Pindarum
1066 3581 1307 3678 copiaspara·

214 3703 269 3767 tas
284 3695 420 3771 habere
448 3699 594 3787 volent;
620 3704 658 3770 et
679 3697 738 3783 iis,
769 3699 834 3796 qui
857 3696 1049 3770 honestam
1076 3691 1306 3789 voluptatem

86 3883 89 3888 .
213 3786 331 3878 libris‘
344 3810 606 3909 conquirendis
632 3819 696 3881 aut
719 3809 862 3882 notitiis
886 3830 1018 3882 eorum
1044 3801 1307 3902 comparandis

212 3930 426 4013 sequuntur,
444 3920 818 4022 potestatemfaciam,
836 3929 933 3994 utet
965 3918 1049 4016 ipsi,
1075 3913 1170 4013 quid
1184 3914 1225 3987 in
1240 3937 1303 3986 co-

212 4027 285 4124 piis
300 4031 378 4103 suis
390 4031 560 4119 habeant
569 4054 802 4129 cognoscem,
812 4041 850 4106 et
860 4030 961 4130 quod
977 4051 1069 4102 ame
1080 4025 1310 4126 proeteritum

213 4137 469 4236 ignomumve
480 4146 538 4232 sit,
555 4145 708 4242 explere
717 4145 863 4255 possint
875 4147 912 4242 †.

247 4342 263 4427 f
280 4288 340 4395 0¹⁸·
356 4349 498 4406 tequnstm
514 4343 710 4410 purcriptuunt
722 4340 850 4404 strdjectc
865 4338 1043 4402 interpretationi
1054 4334 1139 4384 latine
1155 4349 1195 4383 nu.
1214 4344 1309 4394 cxxiv,
1369 4339 1376 4350 ³

228 4432 387 4544 miulsso‘tcraru
398 4483 459 4534 t'orte
469 4502 544 4551 opert
563 4485 607 4533 luae
623 4500 685 4534 nuuc
695 4483 860 4548 supersidere,
878 4479 1019 4539 remittendo
1030 4478 1144 4528 lectorem
1162 4473 1192 4522 sd
1213 4473 1313 4522 Bibllo·
